

@article{DanielsandMaisel2007,
author = {LB Daniels and AS Maisel},
title = {natriuretics peptides},
journal = {journal of american college of cardiology},
year = 2007,
volume = 50,
pages = {2357-2368},
}

@article{DeSutteretal2005,
author = {J DeSutter and D DeBacquer and S Cuypers and J Delanghe and M DeBuyzere},
title = {Plasma N-terminal pro-brain natriuretic peptide concentration predicts coronary events in men at work: a report from the {BELSTRESS} study},
journal = {european heart journal},
year = 2005,
volume = 26,
pages = {2664-2649},
}

@article{Kragelundetal2005,
author = {C Kragelund and B Gronning and L Køber and P Hildebrandt and R Steffensen},
title = {{N}-terminal pro-{B}-type natriuretic peptide and long-term mortality in stable coronary heart disease},
journal = {new-england journal of medicine},
year = 2005,
volume = 352,
pages = {666-675},
}

@article{Rodseth2009,
author = {RN Rodseth},
title = {{B} type natriuretic peptide - a diagnostic breathrough in peri-operative cardiac risk assessment?},
journal = {anaesthesia},
year =2009,
volume = 64,
pages = {165-178},
}

@article{Schnabeletal2006,
author ={R Schnabel and E Lubos and HJ Rupprecht and C Espinola-Klein and C Bickel and KJ Lacker},
title = {{B}-type natriuretic peptide and the risk of cardiovascular events and death in patients with stable angina: results from the {AtheroGene} study},
journal ={ journal of american college of cardiology},
year = 2006,
volume =47,
pages ={552-558},
}

@article{Thay-Hsiungetal2013,
author = {C Thay-Hsiung and L Ching-Ling and JS Joseph and YS James and C Chung-Huo and C Mei-Ling and C Chih-Hui},
title={Plasma {B}-type natriuretic peptide in predicting outcomes of elective coronary artery bypass surgery},
journal ={Kaohsiung Journal of Medical Sciences},
year =2013,
volume=29,
pages ={254-258},
}

@article{Zetheliusetal2008,
author = {B Zethelius and L Berglund and J Sundstr\"{o}m and E Ingelsson and S Basu},
title = {Use of multiple biomarkers to improve the prediction of death from cardiovascular causes},
journal = {new-england journal of medicine},
year = 2008,
volume = 358,
pages = {2107-2116},
}


@article{deBoldetal1981,
author = {AJ de-Bold and HB Borenstein and AH Veress and H Sonnenberg},
title = {A rapid and potent natriuretic response to intravenous injection of atrial myocardial extract in rats},
journal = {Life Sciences},
year = 1981,
volume = 28,
number = 1,
pages = {89–94}
}

@article{deBold1985,
author = {de Bold AJ},
title = {Atrial natriuretic factor: a hormone produced by the heart},
journal = {Science},
year = 1985,
volume = 230,
number = 4727,
pages = {767–70}
}


@article{Yanetal1999,
author = {W Yan and N Sheng and M Seto and J Morser and Q Wu},
title = {Corin, a mosaic transmembrane serine protease encoded by a novel cDNA from human heart},
journal = {The Journal of Biological Chemistry},
year = 1999,
volume = 274,
number = 21,
pages = {14926–35}
}

@inproceedings{Yanetal2000 ,
author = {W Yan and F Wu and J Morser and Q Wu},
title = {Corin, a transmembrane cardiac serine protease, acts as a pro-atrial natriuretic peptide-converting enzyme},
booktitle = {Proceedings of the National Academy of Sciences of the United States of America},
year = 2000,
volume = 97,
number = 15,
pages = {8525–9}
}

@book{Widmaieretal2008,
author = {EP Widmaier and H Raff and KT Strang},
title = {Vander's Human Physiology},
edition = 11,
year = 2008,
volume = ,
pages = {291, 509–10}
}

@article{Kokkonenetal2002,
author = {UM Kokkonen and AR P\"{o}s\"{o} and S Hyypp\"{a} and P Huttunen and J Lepp\"{a}luoto},
title = {Exercise-induced changes in atrial peptides in relation to neuroendocrine responses and fluid balance in the horse},
journal = {Veterinary Medicine. A, Physiology, Pathology, Clinical Medicine},
year = 2002,
month = 4,
volume = 49,
number = 3,
pages = {144–50}
}
