@article{1,
author = {Takei Y },
year = 2001,
title = { Does the natriuretic peptide system exist throughout the animal and plant kingdom?},
journal = { Comp Biochem Physiol Part B},
volume = 129,
pages = {559-573},
}
@article{2,
author = {Vesely DL, Giordano AT },
year = 1991,
title = { Atrial natriuretic peptide hormonal system in plants.},
journal = { Biochem Biophys Res Commun},
volume = 179,
pages = {695-700}
},
@article{3,
author = {Billington T, Pharmawati M, Gehring CA },
year = 1997,
title = { Isolation and immunoaffinity purification of biologically active plant natriuretic peptide.},
journal = { Biochem Biophys Res Commun},
volume = 235,
pages = {722-725}
},
@article{4,
author = {Loretz CA, Pollina C },
year = 2000,
title = { Natriuretic peptides in fish physiology.},
journal = { Comp Biochem Physiol Part A},
volume = 125,
pages = {169-187}
},
@article{5,
author = {Kawakoshi A, Hyodo S, Yasuda A, Takei Y },
year = 2003,
 title = {A single and novel natriuretic peptide is expressed in the heart and brain of the most primitive vertebrate, the hagfish Eptatretus burgeri} ,
journal = { J Mol Endocrinol},
volume = 31,
pages = {209-220}
},
@article{6,
author = {Kawakoshi A, Hyodo S, Inoue K et al},
year = 2004,
title = { Four natriuretic peptides, (ANP, BNP,VNP and CNP) coexist in the sturgeonvolume = ,
 identification of BNP in fish lineage.},
journal = { J Mol Endocrinol},
volume = 32,
pages = {547-555}
},
@article{7,
author = {Arden KC,Viars CS, Weiss S et al },
year = 1995,
ytitle = { Localization of the human B-type natriuretic peptide precursor (NPPB) gene to chromosome 1p36.},
journal = { Genomics},
volume = 26,
pages = {385-389}
},
@article{8,
author = {Yang-Feng TL, Floyd-Smith G, Nemer M et al },
year = 1985,
ytitle = { The pronatriodilatin gene is located on the distal short arm of human chromosome 1 and on mouse chromosome 4.},
journal = { Am J Hum Genet},
volume = 37,
pages = {1117-1128}
},
@article{9,
author = {Steinhelper ME },
year = 1993,
title = { Structure, expression, and genomic mapping of the mouse natriuret- ic peptide type-B gene.},
journal = { Circ Res},
volume = 72,
pages = {984-992}
},
@article{10,
author = {Ogawa Y, Itoh H,Yoshitake Y et al},
year = 1994,
title = { Molecular cloning and chromosomal assignment of the mouse C-type natriuretic peptide (CNP) gene (Nppc)volume = ,
 comparison with the human CNP gene (NPPC).},
journal = { Genomics},
volume = 24,
pages = {383-387}
},
@article{11,
author = {De Bold AJ, Borenstein HB, Veress AT, Sonnenberg H },
year = 1981,
title = { A rapid and important natri- uretic response to intravenous injection of atrial myocardial extracts in rats.},
journal = { Life Sci},
volume = 28,
pages = {89-94}
},
@article{12,
author = {De Bold AJ, Bruneau BG, Kuroski de Bold ML },
year = 1996,
title = { Mechanical and neuroendocrine regu- lation of the endocrine heart.},
journal = { Cardiovasc Res},
volume = 31,
pages = {7-18}
},
@article{13,
author = {McGrath MF, de Bold AJ },
year = 2005,
title = { Determinants of natriuretic peptide gene expression.},
journal = { Pep- tides},
volume = 26,
pages = {933-943}
},
@article{14,
author = {Goetze JP },
year = 2004,
title = { Biochemistry of pro-B-type natriuretic peptide-derived peptidesvolume = ,
 the endocrine heart revisited.},
journal = { Clin Chem},
volume = 9,
pages = {1503-1510}
},
@article{15,
author = {Belenky A, Smith A, Zhang B et al },
year = 2004,
title = { The effect of class-specific protease inhibitors on the stabilization of B-type natriuretic peptide in human plasma.},
journal = { Clin Chim Acta},
volume = 340,
pages = {163-172}
},
@article{16,
author = {Shimizu H, Masuta K, Aono K et al },
year = 2002,
title = { Molecular forms of human brain natriuretic pep- tide in plasma.},
journal = { Clin Chim Acta},
volume = 316,
pages = {129-135}
},
@article{17,
author = {Shimizu H, Masuta K, Asada H et al },
year = 2003,
title = { Characterization of molecular forms of probrain natriuretic peptide in human plasma.},
journal = { Clin Chim Acta},
volume = 334,
pages = {233-239}
},
@article{18,
author = {LaPointe MC },
year = 2005,
title = { Molecular regulation of the brain natriuretic gene.},
journal = { Peptides},
volume = 26,
pages = {944-956}
},
@article{19,
author = {Sumida H, Yasue H, Yoshimura M et al },
year = 1995,
title = { Comparison of secretion pattern between A- type and B-type natriuretic peptides in patients with old myocardial infarction.},
journal = { J Am Col Car- diol},
volume = 25,
pages = {1105-1110}
},
@article{20,
author = {Nakagawa O, Ogawa Y, Itoh H et al },
year = 1995,
title = { Rapid transcriptional activation and early mRNA turnover of brain natriuretic peptide in cardiocyte hypertrophy.},
journal = { J Clin Invest},
volume = 96,
pages = {1280-1287}
},
@article{21,
author = {Vanderheyden M, Bartunek J, Goethals M },
year = 2004,
title = { Brain and other natriuretic peptidesvolume = ,
 molec- ular aspects.},
journal = { Eur J Heart Fail},
volume = 6,
pages = {261-268}
},
@article{22,
author = {Ma KK, Banas K, de Bold AJ },
year = 2005,
title = { Determinants of inducible brain natriuretic peptide pro- moter activity.},
journal = { Regul Pept},
volume = 128,
pages = {169-176}
},
@article{23,
author = {Temsah R, Nemer M },
year = 2005,
title = { GATA factors and transcriptional regulation of cardiac natri- uretic peptide genes.},
journal = { Regul Pept},
volume = 128,
pages = {177-185}
},
@article{24,
author = {Tsuruda T, Boerrigter G, Huntley BK et al },
year = 2002,
title = { Brain natriuretic peptide is produced in car- diac fibroblasts and induces matrix metalloproteinases.},
journal = { Circ Res},
volume = 91,
pages = {1127-1134}
},
@article{25,
author = {Nicolau N, Butur G, Laky D },
year = 1997,
title = { Electronmicroscopic observations regarding the presence of natriuretic granules in the ventricle of patients with cardiopathies.},
journal = { Rom J Morphol Embry- ol},
volume = 43,
pages = {119-137}
},
@article{26,
author = {Hasegawa K, Fujiwara H, Doyama K et al },
year = 1993,
title = { Ventricular expression of atrial and brain natri- uretic peptides in dilated cardiomyopathy.An immunohistocytochemical study of the endomy- ocardial biopsy specimens using specific monoclonal antibodies.},
journal = { Am J Pathol},
volume = 142,
pages = {107-116}
},
@article{27,
author = {Luchner A, Stevens TL, Borgeson DD et al },
year = 1998,
title = { Differential atrial and ventricular expression of myocardial BNP during evolution of heart failure.},
journal = { Am J Physiol},
volume = 274,
H1684-1689
@article{28,
author = {Clerico A, Emdin M },
year = 2004,
title = { Diagnostic accuracy and prognostic relevance of the measure- ment of the cardiac natriuretic peptidesvolume = ,
 a review.},
journal = { Clin Chem},
volume = 50,
pages = {33-50}
},
@article{29,
author = {Qi W, Kjekshus J, Hall C },
year = 2000,
title = { Differential responses of plasma atrial and brain natriuretic peptides to acute alteration in atrial pressure in pigs.},
journal = { Scand J Clin Lab Invest},
volume = 60,
pages = {55-63}
},
@article{30,
author = {Clerico A },
year = 2002,
title = { Pathophysiological and clinical relevance of circulating levels of cardiac natriuretic hormonesvolume = ,
 is their assay merely a marker of cardiac disease?},
journal = { Clin Chem Lab Med},
volume = 40,
pages = {752-760}
},
@article{31,
author = {Kato J, Etoh T, Kitamura K, Eto T },
year = 2005,
title = { Atrial and brain natriuretic peptides as markers of car- diac load and volume retention in primary aldosteronism.},
journal = { Am J Hypertens},
volume = 18,
pages = {354-357}
},
@article{32,
author = {Tenhunen O, Szokodi I, Ruskoaho H },
year = 2005,
title = { Posttranscriptional activation of BNP gene expres- sion in response to increased left ventricular wall stressvolume = ,
 role of calcineurin and PKC.},
journal = { Regul Pept},
volume = 128,
pages = {187-196}
},
@article{33,
author = {Sakata Y,Yamamoto K, Masuyama T et al },
year = 2001,
title = { Ventricular production of natriuretic peptides and ventricular structural remodelling in hypertensive heart failure.},
journal = { J Hypertens},
volume = 19,
pages = {1905-1909}
},
@article{34,
author = {Takahashi N, Saito Y, Kuwahara K et al },
year = 2003,
title = { Angiotensin II-induced ventricular hypertro- phy and extracellular signal-regulated kinase activation are suppressed in mice overexpress- ing brain natriuretic peptide in circulation.},
journal = { Hypertens Res},
volume = 26,
pages = {847-853}
},
@article{35,
author = {Walther T, Klostermann K, Hering-Walther S et al },
year = 2003,
title = { Fibrosis rather than blood pressure determines cardiac BNP expression in mice.},
journal = { Regul Pept},
volume = 116,
pages = {95-100}
},
@article{36,
author = {Fredj S, Bescond J, Louault C, Potreau D },
year = 2004,
title = { Interactions between cardiac cells enhance cardiomyocyte hypertrophy and increase fibroblast proliferation.},
yjournal = {J Cell Physiol }}
@article{37,
author = {Chen YF },
year = 2005,
title = { Atrial natriuretic peptide in hypoxia.},
journal = { Peptides},
volume = 26,
pages = {1068-1077}
},
@article{38,
author = {Hama N, Itoh H, Shirakami G et al},
year = 1995,
title = { Rapid ventricular induction of brain natriuretic pep- tide gene expression in experimental acute myocardial infarction.},
journal = { Circulation},
volume = 92,
pages = {1158-1164}
},
@article{39,
author={Toth M, Vuorinen KH, Vuolteenaho O et al},
year = 1994,
title = { Hypoxia stimulates release of ANP and BNP from perfused rat ventricular myocardium.},
journal = { Am J Physiol},(4 Pt2)
volume = 266,
pages = {H1572-580},
}
@article{40,
author = {Baxter GF },
year = 2004,
title = { Natriuretic peptides and myocardial ischaemia.},
journal = { Basic Res Cardiol},
volume = 99,
pages = {90-93}
},
@article{41,
author = {Jernberg T, James S, Lindahl B et al },
year = 2004,
title = { Natriuretic peptides in unstable coronary artery dis- ease.},
journal = { Eur Heart J},
volume = 25,
pages = {1486-1493}
},
@article{42,
author = {Foote RS, Pearlman JD, Siegel AH, Yeo KT },
year = 2004,
title = { Detection of exercise-induced ischemia by changes in B-type natriuretic peptides.},
journal = { J Am Coll Cardiol},
volume = 44,
pages = {1980-1987}
},
@article{43,
author = {Sabatine MS, Morrow DA, de Lemos JA et al },
year = 2004,
title = { TIMI Study Group. Acute changes in cir- culating natriuretic peptide levels in relation to myocardial ischemia.},
journal = { J Am Coll Cardiol},
volume = 44,
pages = {1988-1995}
},
@article{44,
author = {Goetze JP, Gore A, Moller CH et al },
year = 2004,
title = { Acute myocardial hypoxia increases BNP gene expression.},
journal = { FASEB J},
volume = 18,
pages = {1928-1930}
},
@article{45,
author = {Wu X, Seino Y, Ogura H et al },
year = 2001,
title = { Plasma natriuretic peptide levels and daily physical activ- ity in patients with pacemaker implantation.},
journal = { Jpn Heart J},
volume = 42,
pages = {471-482}
},
@article{46,
author = {Kinugawa T, Kato M, Ogino K et al },
year = 2003,
title = { Neurohormonal determinants of peak oxygen uptake in patients with chronic heart failure.},
journal = { Jpn Heart J},
volume = 44,
pages = {725-734}
},
@article{47,
author = {Williams SG, Ng LL, O’Brien RJ et al },
year = 2004,
title = { Comparison of plasma N-brain natriuretic pep- tide, peak oxygen consumption, and left ventricular ejection fraction for severity of chronic heart failure.},
journal = { Am J Cardiol},
volume = 93,
pages = {1560-1561}
},
@article{48,
author = {Kuroski de Bold ML },
year = 1999,
title = { Estrogen, natriuretic peptides and the renin-angiotensin system.},
journal = { Cardiovasc Res},
volume = 41,
pages = {524-531}
},
@article{49,
author = {Maffei S, Del Ry S, Prontera C, Clerico A },
year = 2001,
title = { Increase in circulating levels of cardiac natri- uretic peptides after hormone replacement therapy in postmenopausal women.},
journal = { Clin Sci},
volume = 101,
pages = {447-453}
},
@article{50,
author = {Tanaka T, Kanda T, Takahashi T et al },
year = 2004,
title = { Interleukin-6-induced reciprocal expression of SERCA and natriuretic peptides mRNA in cultured rat ventricular myocytes.},
journal = { J Int Med Res},
volume = 32,
pages = {57-61}
},
@article{51,
author = {Witthaut R, Busch C, Fraunberger P et al },
year = 2003,
title = { Plasma atrial natriuretic peptide and brain natriuretic peptide are increased in septic shockvolume = ,
 impact of interleukin-6 and sepsis-associ- ated left ventricular dysfunction.},
journal = { Intensive Care Med},
volume = 29,
pages = {1696-1702}
},
@article{52,
author = {Hiraoka E, Kawashima S, Takahashi T et al },
year = 2003,
journal = {title = { PI 3-kinase-Akt-p70 S6 kinase in hyper- trophic responses to leukemia inhibitory factor in cardiac myocytes.}},
journal = { Kobe J Med Sci},
volume = 49,
pages = {25-37}
},
@article{53,
author = {Deten A,Volz HC, Briest W, Zimmer HG },
year = 2002,
title = { Cardiac cytokine expression is upregulated in the acute phase after myocardial infarction. Experimental studies in rats.},
journal = { Cardiovasc Res},
volume = 55,
pages = {329-340}
},
@article{54,
author = {Hamanaka I, Saito Y, Nishikimi T et al },
year = 2000,
title = { Effects of cardiotrophin-1 on hemodynamics and endocrine function of the heart.},
journal = { Am J Physiol Heart Circ Physiol},
volume = 279,
pages = {H388-396},
}
@article{55,
author = {Takahashi N, Saito Y, Kuwahara K et al },
year = 2003,
title = { Angiotensin II-induced ventricular hypertrophy and extracellular signal-regulated kinase acivation are suppressed in mice overexpressing brain natriuretic peptide in circulation.},
journal = { Hypertens Res},
volume = 26,
pages = {847-853}
},
@article{56,
author = {Ma KK, Ogawa T, de Bold AJ },
year = 2004,
title = { Selective upregulation of cardiac brain natriuretic pep- tide at the transcriptional and translational levels by pro-inflammatory cytokines and by conditioned medium derived from mixed lymphocyte reactions via p38 MAP kinase.},
journal = { J Mol Cell Cardiol},
volume = 36,
pages = {505-513}
},
@article{57,
author = {Woodard GE, Rosado JA, Brown J },
year = 2002,
title = { Expression and control of C-type natriuretic peptide in rat vascular smooth muscle cells.},
journal = { Am J Physiol Reg Int Comp Physiol},
volume = 282,
pages = {R156-165},
}
@article{58,
author = {Harada E, Hakagawa O, Yoshimura M et al },
year = 1999,
title = { Effect of interleukin-1β on cardiac hyper- trophy and production of natriuretic peptides in rat cardiocyte culture.},
journal = { J Mol Cell Cardiol},
volume = 31,
pages = {1997-2006}
},
@article{59,
author = {He Q, LaPointe MC },
year =1999,
title = { Interleukin-1b regulation of the human brain natriuretic peptide promoter involves Ras-, Rac-, and p38 kinase-dependent pathways in cardiac myocytes.},
journal = { Hyper- tension},
volume = {33(partII)},
pages = {283-289},
},
@article{60,
author = {Kinugawa T, Kato M, Ogino K et al },
year = 2003,
title = { Interleukin-6 and tumor necrosis factor-α levels increase in response to maximal exercise in patients with chronic heart failure.},
journal = { Int J Cardiol},
volume = 87,
pages = {83-90}
},
@article{61,
author = {Witthaut R, Busch C, Fraunberger P et al },
year = 2003,
title = { Plasma atrial natriuretic peptide and brain natriuretic peptide are increased in septic shockvolume = ,
 impact of interleukin-6 and sepsis-associ- ated left ventricular dysfunction.},
journal = { Intensive Care Med},
volume = 29,
pages = {1696-1702}
},
@article{62,
author = {Glembotski CC, Irons CE, Krown KA et al },
year = 1993,
title = { Myocardial a-thrombin receptor activation induces hypertrophy and increases atrial natriuretic factor gene expression.},
journal = { J Biol Chem},
volume = 268,
pages = {20646-20652}
},
@article{63,
author = {Knowlton KU, Baraccini E, Ross RS et al },
year = 1991,
title = { Co-regulation of the atrial natriuretic factor and cardiac myosin light chain-2 genes during α-adrenergic stimulation of neonatal rat ven- tricular cells.},
journal = { J Biol Chem},
volume = 266,
pages = {7759-7768}
},
@article{64,
author = {Sprenkle AB, Murray SF, Glemboski CC },
year = 1995,
title = { Involvement of multiple cis elements in basal- and α-adrenergic agonist-inducible atrial natriuretic factor transcription.},
journal = { Circul Res},
volume = 77,
pages = {1060-1069}
},
@article{65,
author = {Thuerauf DJ, Arnold ND, Zechner D et al },
year = 1998,
title = { p38 Mitogen-activated protein kinase medi- ates the transcriptional induction of the atrial natriuretic factor gene through a serum response element. A potential role for the transcription factor ATF6.},
journal = { J Biol Chem},
volume = 273,
pages = {20636-20643}
},
@article{66,
author = {King KL, Winer J, Phillips DM et al },
year = 1998,
title = { Phenylephrine, endothelin, prostaglandin F2 alpha and leukemia inhibitory factor induce different cardiac hypertrophy phenotypes in vitro.},
journal = { Endocrine},
volume = 9,
pages = {45-55}
},
@article{67,
author = {Ander AN, Duggirala SK, Drumm JD, Roth DM },
year = 2004,
title = { Natriuretic peptide gene expression after beta-adrenergic stimulation in adult mouse cardiac myocytes.},
journal = { DNA Cell Biol},
volume = 23,
pages = {586-591}
},
@article{68,
author = {He Q,Wu G, LaPointe MC },
year = 2000,
title = { Isoproterenol and cAMP regulation of the human brain natri- uretic peptide gene involves Src and Rac.},
journal = { Am J Physiol Endocrinol Metab},
volume = 278,
pages = {E1115-1123},
}
@article{69,
author = {Nakaoka H, Kitahara Y, Amano M et al },
year = 1987,
title = { Effect of beta-adrenergic receptor blockade on atrial natriuretic peptide in essential hypertension.},
journal = { Hypertension},
volume = 10,
pages = {221-225}
},
@article{70,
author = {Hama J, Nagata S, Takenaka T et al },
year = 1995,
title = { Atrial natriuretic peptide and antihypertensive action due to beta-blockade in essential hypertensive patients.},
journal = { Angiology},
volume = 46,
pages = {511-516}
},
@article{71,
author = {van den Meiracker AH, Lameris TW, van de Ven LL, Boomsma F },
year = 2003,
title = { Increased plasma concentration of natriuretic peptides by selective beta1-blocker bisoprolol.},
journal = { J Cardiovasc Phar- macol},
volume = 42,
pages = {462-468}
},
@article{72,
author = {Yoshizawa A, Yoshikawa T, Nakamura I et al },
year = 2004,
title = { Brain natriuretic peptide response is het- erogeneous during beta-blocker therapy for congestive heart failure.},
journal = { J Card Fail},
volume = 10,
pages = {310-315}
},
@article{73,
author = {Richards AM, Lainchbury JG, Nicholls MG et al },
year = 2002,
title = { BNP in hormone-guided treatment of heart failure.},
journal = { Trends Endocrinol Metab},
volume = 13,
pages = {151-155}
},
@article{74,
author = {Takeda Y, Fukutomi T, Suzuki S et al },
year = 2004,
title = { Effects of carvedilol on plasma B-type natriuret- ic peptide concentration and symptoms in patients with heart failure and preserved ejection fraction.},
journal = { Am J Cardiol},
volume = 94,
pages = {448-453}
},
@article{75,
author = {Tokudome T, Horio T,Yoshihara F et al },
year = 2004,
title = { Direct effects of high glucose and insulin on pro- tein synthesis in cultured cardiac myocytes and DNA and collagen synthesis in cardiac fibrob- lasts.},
journal = { Metabolism},
volume = 53,
pages = {710-715}
},
@article{76,
author = {Hongo M, Ryoke T, Schoenfeld J et al },
year = 2000,
title = { Effects of growth hormone on cardiac dysfunction and gene expression in genetic murine dilated cardiomyopathy.},
journal = { Basic Res Cardiol},
volume = 95,
pages = {431-441}
},
@article{77,
author = {de Lemos JA, McGuire DK, Drazner MH },
year = 2003,
title = { B-type natriuretic peptide in cardiovascular disease.},
journal = { Lancet},
volume = 362,
pages = {316-322}
},
@article{78,
author = {Ruskoaho H },
year = 2003,
title = { Cardiac hormones as diagnostic tools in heart failure.},
journal = { Endocr Rev},
volume = 24,
pages = {341-356}
},
@article{79,
author = {Zhang Q, Moalem J, Tse J et al },
year = 2005,
title = { Effects of natriuretic peptides on ventricular myocyte contraction and role of cyclic GMP signaling.},
journal = { Eur J Pharmacol},
volume = 510,
pages = {209-215}
},
@article{80,
author = {Nagaya N, Nishikimi T, Goto Y et al },
year = 1998,
title = { Plasma brain natriuretic peptide is a biochemical marker for the prediction of progressive ventricular remodeling after acute myocardial infarc- tion.},
journal = { Am Heart J},
volume = 135,
pages = {21-28}
},
@article{81,
author = {Hayashi M, Tsutamoto T, Wada A et al },
year = 2001,
title = { Intravenous atrial natriuretic peptide prevents left ventricular remodeling in patients with first anterior acute myocardial infarction.},
journal = { J Am Coll Cardiol},
volume = 37,
pages = {1820-1826}
},
@article{82,
author = {Magga J, Puhakka M, Hietakorpi S et al },
year = 2004,
title = { Atrial natriuretic peptide, B-type natriuretic pep- tide, and serum collagen markers after acute myocardial infarction.},
journal = { J Appl Physiol},
volume = 96,
pages = {1306-1311}
},
@article{83,
author = {Hardt SE, Sadoshima J },
year = 2004,
title = { Negative regulators of cardiac hypertrophy.},
journal = { Cardiovasc Res},
volume = 63,
pages = {500-509}
},
@article{84,
author = {Chen HH, Burnett JC Jr }
year =1998,
title = { C-type natriuretic peptide the endothelial component of the natriuretic peptide system.},
journal = { J Cardiovasc Pharmacol},
volume = {32 (Suppl. 3)},
pages = {S22-28},
}
@article{85,
author = {Morishige K, Shimokawa H, Yamawaki T et al },
year = 2000,
title = { Local adenovirus-mediated transfer of C-type natriuretic peptide suppresses vascular remodeling in porcine coronary arteries in vivo.},
journal = { J Am Coll Cardiol},
volume = 35,
pages = {1040-1047}
},
@article{86,
author = {Takeuchi H, Ohmori K, Kondo I et al },
year = 2003,
title = { Potentiation of C-type natriuretic peptide with ultrasound and microbubbles to prevent neointimal formation after vascular injury in rats.},
journal = { Cardiovasc Res},
volume = 58,
pages = {231-238}
},
@article{87,
author = {Yasuda S, Kanna M, Sakuragi S et al },
year = 2002,
title = { Local delivery of single low-dose of C-type natri- uretic peptide, an endogenous vascular modulator, inhibits neointimal hyperplasia in a bal- loon-injured rabbit iliac artery model.},
journal = { J Cardiovasc Pharmacol},
volume = 39,
pages = {784-788}
},
@article{88,
author = {Qian JY, Haruno A, Asada Y et al },
year = 2002,
title = { Local expression of C-type natriuretic peptide sup- presses inflammation, eliminates shear stress-induced thrombosis, and prevents neointima formation through enhanced nitric oxide production in rabbit injured carotid arteries.},
journal = { Circ Res},
volume = 91,
pages = {1063-1069}
},
@article{89,
author = {Nakanishi M, Saito Y, Kishimoto I et al },
year = 2005,
title = { Role of natriuretic peptide receptor guanylyl cyclase-A in myocardial infarction evaluated using genetically engineered mice.},
journal = { Hyperten- sion},
volume = 46,
pages = {1-7}
},
@article{90,
author = {Ventura RR, Gomes DA, Reis WL et al },
year = 2002,
title = { Nitrergic modulation of vasopressin, oxytocin and atrial natriuretic peptide secretion in response to sodium intake and hypertonic blood volume expansion.},
journal = { Braz J Med Biol Res},
volume = 35,
pages = {1101-1109}
},
@article{91,
author = {Vatta MS, Presas M, Bianciotti LG et al },
year = 1996,
title = { B and C types natriuretic peptides modulate norepinephrine uptake and release in the rat hypothalamus.},
journal = { Regul Pept},
volume = 16,
pages = {175-184}
},
@article{92,
author = {Vatta MS, Presas M, Bianciotti LG et al },
year = 1997,
title = { B and C types natriuretic peptides modify nor- epinephrine uptake and release in the rat adrenal medulla.},
journal = { Peptides},
volume = 18,
pages = {1483-1489}
},
@article{93,
author = {Fermepin M, Vatta MS, Presas M et al },
year = 2000,
title = { B-type and C-type natriuretic peptides modify norepinephrine uptake in discrete encephalic nuclei of the rat.},
journal = { Cell Mol Neurobiol},
volume = 20,
pages = {763-771}
},
@article{94,
author = {Brunner-La Rocca HP, Kaye DM,Woods RL et al },
year = 2001,
title = { Effects of intravenous brain natriuretic peptide on regional sympathetic activity in patients with chronic heart failure as compared with healthy control subjects.},
journal = { J Am Coll Cardiol},
volume = 37,
pages = {1221-1227}
},
@article{95,
author = {Tsukagoshi H, Shimizu Y, Kawata T et al },
year = 2001,
title = { Atrial natriuretic peptide inhibits tumor necrosis factor-alpha production by interferon-gamma-activated macrophages via suppres- sion of p38 mitogen-activated protein kinase and nuclear factor-kappa B activation.},
journal = { Reg Pept},
volume = 99,
pages = {21-29}
},
@article{96,
author = {Kiemer AK, Weber NC, Furst R et al },
year = 2002,
title = { Inhibition of p38 MAPK activation via induction of MKP-1 atrial natriuretic peptide reduces TNF-a-induced actin polymerization and endothe- lial permeability.},
journal = { Circ Res},
volume = 90,
pages = {874-881}
},
@article{97,
author = {Weber NC, Blumenthal SB, Hartung T et al },
year = 2003,
title = { ANP inhibits TNF-alpha-induced endothe- lial MCP-1 expression - involvement of p38 MAPK and MKP-1.},
journal = { J Leukoc Biol},
volume = 74,
pages = {932-941}
},
@article{98,
author = {Kapoun AM, Liang F, O’Young G et al },
year = 2004,
title = { B-type natriuretic peptide exerts broad functional opposition to transforming growth factor-beta in primary human cardiac fibroblastsvolume = ,
 fibro- sis, myofibroblasts conversion, proliferation, and inflammation.},
journal = { Circ Res},
volume = 94,
pages = {453-461}
},
@article{99,
author = {Vollmar AM },
year = 2005,
title = { The role of atrial natriuretic peptide in the immune system.},
journal = { Peptides},
volume = 26,
pages = {1086-1094}
},
@article{100,
author = {Vesely DL },
year = 2003,
title = { Natriuretic peptides and acute renal failure.},
journal = { Am J Physiol Renal Physiol},
volume = 285,
pages = {F167-177},
}
@article{101,
author = {Imura H, Nakao K, Itoh H },
year = 1992,
title = { The natriuretic peptide system in the brainvolume = ,
 implications in the central control of cardiovascular and neuroendocrine functions.},
journal = { Front Neuroendocrinol},
volume = 13,
pages = {217-249}
},
@article{102,
author = {Langub MC Jr, Watson RE Jr, Herman JP },
year = 1995,
title = { Distribution of natriuretic peptide precur- sor mRNAs in the rat brain.},
journal = { J Comp Neurol},
volume = 356,
pages = {183-199}
},
@article{103,
author = {Perras B, Schultes B, Behn B et al },
year = 2004,
title = { Intranasal atrial natriuretic peptide acts as central nervous inhibitor of the hypothalamo-pituitary-adrenal stress system in humans.},
journal = { J Clin Endocrinol Metab},
volume = 89,
pages = {4642-4648}
},
@article{104,
journal = {author = {Vollmar AM,Wolf R, Schulz R year =},
1995,
 Co-expression of the natriuretic peptides },
title = {(ANP, BNP, CNP) and their receptors in normal and acutely involuted rat thymus.},
journal = { J Neuroimmunol},
volume = 57,
pages = {117-127}
},
@article{105,
author = {Vollmar AM, Schultz R },
year = 1995,
title = { Expression and differential regulation of natriuretic peptides in mouse macrophages.},
journal = { J Clin Invest},
volume = 95,
pages = {2442-2450}
},
@article{106,
author = {Vollmar AM, Kiemer AK },
year = 2001,
title = { Immunomodulatory and cytoprotective function of atrial natriuretic peptide.},
journal = { Crit Rev Immunol},
volume = 21,
pages = {473-485}
},
@article{107,
author = {Waschek JA },
year = 2004,
title = { Developmental actions of natriuretic peptides in the brain and skeleton.},
journal = { Cell Mol Life Sci},
volume = 61,
pages = {2332-2342}
},
@article{108,
journal = {author = {Kiefer F, Wiedemann K year =},
2004,
title = { Neuroendocrine pathways of addictive behaviour.},
journal = { Addict Biol},
9},
year = 205,
volume = ,
12
@article{109,
author = {Bex F, Corbin A },
year = 1985,
title = { Atrial natriuretic factor stimulates testosterone production by mouse interstitial cells.},
journal = { Eur J Pharmacol},
volume = 115,
pages = {125-126}
},
@article{110,
author = {Foresta C, Mioni R, Careto A },
year = 1987,
title = { Specific binding and steroidogenic effects of atrial natri- uretic factor in Leydig cells of rats.},
journal = { Arch Androl},
volume = 19,
pages = {253-259}
},
@article{111,
author = {El-Gehani F, Tena-Sempere M, Ruskoaho H, Huhtaniemi I },
year = 2000,
title = { Natriuretic peptides stim- ulate steroidogenesis in the fetal rat testis.},
journal = { Biol Reprod},
volume = 65,
pages = {595-600}
},
@article{112,
author = {Pandey KN },
year = 2005,
title = { Biology of natriuretic peptides and their receptors.},
journal = { Peptides},
volume = 26,
pages = {901-932}
},
@article{113,
author = {Gutkowska J, Tremblay J, Antakly T et al },
year = 1993,
title = { The atrial natriuretic peptide system in rat ovaries.},
journal = { Endocrinology},
volume = 132,
pages = {693-700}
},
@article{114,
author = {Vollmer AM, Mytzka C, Arendt RM, Schulz R },
year = 1988,
title = { Atrial natriuretic peptide in bovine cor- pus luteum.},
journal = { Endocrinology},
volume = 123,
pages = {762-767}
},
@article{115,
author = {Ivanova MD, Gregoraszczuk EL, Augustowska K et al },
year = 2003,
title = { Localization of atrial natriuret- ic peptide in pig granulosa cells isolated from ovarian follicles of various size.},
journal = { Reprod Biol},
volume = 3,
pages = {173-181}
},
@article{116,
author = {Chatterjee PK, Hawksworthy GM, McLay JS },
year = 1999,
title = { Cytokine-stimulated nitric oxide pro- duction in the human renal proximal tubule and its modulation by natriuretic peptidesvolume = ,
 a novel immunomodulatory mechanism?},
journal = { Exp Nephrol},
volume = 7,
pages = {438-448}
},
@article{117,
author = {Ruskoaho H, Leskinen H, Magga J et al },
year = 1997,
title = { Mechanisms of mechanical load-induced atri- al natriuretic peptide secretionvolume = ,
 role of endothelin, nitric oxide, and angiotensin II.},
journal = { J Mol Med},
volume = 75,
pages = {876-885}
},
@article{118,
author = {Gyurko R, Kuhlencordt P, Fishman MC, Huang OL },
year = 2000,
title = { Modulation of mouse cardiac func- tion in vivo by eNOS and ANP.},
journal = { Am J Physiol},
volume = 278,
H971-981
@article{119,
author = {Tanaka Y, Nagai M, Date T et al },
year = 2005,
title = { Effects of bradykinin on cardiovascular remodeling in renovascular hypertensive rats.},
journal = { Hypertens Res},
volume = 27,
pages = {865-875}
},
@article{120,
author = {Booz GW },
year = 2005,
title = { Putting the brakes on cardiac hypertrophyvolume = ,
 exploiting the NO-cGMP count- er-regulatory system.},
journal = { Hypertension},
volume = 45,
pages = {341-346}
},
@article{121,
author = {Kruger S, Graf J, Merx MW et al },
year = 2004,
title = { Brain natriuretic peptide predicts right heart failure in patients with acute pulmonary embolism.},
journal = { Am Heart J},
volume = 147,
pages = {60-65}
},
@article{122,
author = {Pruszczyk P, Kostrubiec M, Bochowicz A et al },
year = 2003,
title = { N-terminal pro-brain natriuretic pep- tide in patients with acute pulmonary embolism.},
journal = { Eur Respir J},
volume = 22,
pages = {649-653}
},
@article{123,
author = {Kucher N, Printzen G, Goldhaber SZ },
year = 2003,
title = { Prognostic role of brain natriuretic peptide in acute pulmonary embolism.},
journal = { Circulation},
volume = 107,
pages = {2545-2547}
},
@article{124,
author = {ten Wolde M, Tulevski II, Mulder JW et al },
year = 2003,
title = { Brain natriuretic peptide as a predictor of adverse outcome in patients with pulmonary embolism.},
journal = { Circulation},
volume = 107,
pages = {2082-2084}
},
@article{125,
author = {Ando T, Ogawa K, Yamaki K et al },
year = 1996,
title = { Plasma concentrations of atrial, brain, and C-type natriuretic peptides and endothelin-1 in patients with chronic respiratory diseases.},
journal = { Chest},
volume = 110,
pages = {462-468}
},
@article{126,
author = {Maeder M, Ammann P, Rickli H, Diethelm M },
year = 2003,
title = { Elevation of B-type natriuretic peptide levels in acute respiratory distress syndrome.},
journal = { Swiss Med Wkly},
volume = 133,
pages = {515-518}
},
@article{127,
author = {Nagaya N, Nishikimi T, Uematsu M et al },
year = 2000,
title = { Plasma brain natriuretic peptide as a prog- nostic indicator in patients with primary pulmonary hypertension.},
journal = { Circulation},
volume = 102,
pages = {865-870}
},
@article{128,
author = {Leuchte HH, Neurohr C, Baumgartner R et al },
year = 2004,
title = { Brain natriuretic peptide and exercise capacity in lung fibrosis and pulmonary hypertension.},
journal = {Am J Respir Crit Care Med},
volume = 170,
pages = {360-365}
},
@article{129,
author = {Leuchte HH, Holzapfel M, Baumgartner RA et al },
year = 2004,
title = { Clinical significance of brain natri- uretic peptide in primary pulmonary hypertension.},
journal = { J Am Coll Cardiol},
volume = 43,
pages = {764-770}
},
@article{130,
author = {Kohno M, Horio T,Yasunari K et al },
year = 1993,
title = { Stimulation of brain natriuretic peptide release from heart by thyroid hormone.},
journal = { Metabolism},
volume = 42,
pages = {1059-1064}
},
@article{131,
author = {Bernstein R, Midtbo K, Urdal P et al },
year = 1997,
journal = {title = { Serum N-terminal pro-atrial natriuretic factor},
pages = {1-98}
}, before and during thyroxine replacement therapy in severe hypothyroidism.},
journal = { Thyroid},
volume = 7,
pages = {415-419}
},
@article{132,
author = {Parlapiano C, Campana E, Alessandri N et al },
year = 1998,
title = { Plasma atrial natriuretic hormone in hyperthyroidism.},
journal = { Endocr Res},
volume = 24,
pages = {105-112}
},
@article{133,
author = {Schultz M, Faber J, Kistorp C et al},
year = 2004,
 N-terminal-pro-B-type natriuretic peptide },
title = {(NT- pro-BNP) in different thyroid function states.},
journal = { Clin Endocrinol},
volume = 60,
pages = {54-59}
},
@article{134,
author = {Jensen KT, Carstens J, Ivarsen P, Pedersen EB },
year = 1997,
title = { A new, fast and reliable radioiimunoas- say of brain natriuretic peptide in human plasma. Reference values in healthy subjects and in patients with different diseases.},
journal = { Scand J Clin Lab Invest},
volume = 57,
pages = {529-540}
},
@article{135,
author = {Sugawara A, Nakao K, Itoh H et al},
year = 1988,
title = { Cosecretion of peptides derived from gamma- human atrial natriuretic polypeptide in normal volunteers and patients with essential hyper- tension and adrenal disorders.},
journal = { J Hypertens},
volume = {6(Suppl. 4)},
pages = {S327-329},
}
@article{136,
author = {Fujio N, Ohashi M, Nawata H et al },
year = 1989,
title = { Cardiovascular, renal and endocrine effects of a- human atrial natriuretic peptide in patients with Cushing’s syndrome and primary aldos- teronism.},
journal = { J Hypertens},
volume = 7,
pages = {653-659}
},
@article{137,
author = {Opocher G, Rocco S, Carpene G et al },
year = 1990,
title = { Atrial natriuretic peptide in Cushing’s disease.},
journal = { J Endocrinol Invest},
volume = 13,
pages = {133-137}
},
@article{138,
author = {Lapinski M, Stepniakowski K, Januszewicz A et al},
year = 1991,
title = { Plasma atrial natriuretic peptide concentration in patients with primary aldosteronism.},
journal = { J Hypertens},
volume = { 9 (Suppl. 6)},
pages = {S260-261},
}
@article{139,
author = {Cappuccio FP, Markandu ND, Buckley MG et al },
year = 1989,
title = { Raised plasma levels of atrial natriuretic peptides in Addison’s disease.},
journal = { J Endocrinol Invest},
volume = 12,
pages = {205-207}
},
@article{140,
author = {Straub RH, Hall C, Kramer BK et al },
year = 1996,
title = { Atrial natriuretic factor and digoxin-like immunore- active factor in diabetic patientsvolume = ,
 their interrelation and the influence of the autonomic nerv- ous system.},
journal = { J Clin Endocrinol Metab},
volume = 81,
pages = {3385-3389}
},
@article{141,
author = {Bhalla MA, Chiang A, Epshteyn VA et al },
year = 2004,
journal = {title = { Prognostic role of B-type natriuretic peptide levels in patients with type},
2 diabetes mellitus.},
journal = { J Am Coll Cardiol},
volume = 44,
pages = {1047-1052}
},
@article{142,
author = {La Villa G, Riccardi D, Lazzeri C et al },
year = 1995,
title = { Blunted natriuretic response to low-dose brain natriuretic peptide infusion in non azotemic cirrhotic patients with ascites and avid sodium retention.},
journal = { Hepatology},
volume = 22,
pages = {1745-1750}
},
@article{143,
author = {Salo J, Jimenez W, Kuhn M et al },
year = 1996,
title = { Urinary excretion of urodilatin in patients with cir- rhosis.},
journal = { Hepatology},
volume = 24,
pages = {1428-1432}
},
@article{144,
author = {Henriksen JH, Gotze JP, Fuglsang S et al},
year = 2003,
title = {Increased circulating pro-brain natriuretic pep- tide (proBNP) and brain natriuretic peptide (BNP) in patients with cirrhosisvolume = ,
 relation to car- diovascular dysfunction and severity of disease.},
journal = { Gut},
volume = 52,
pages = {1511-1517}
},
@article{145,
author = {McCullough PA, Kuncheria J, Mathur VS },
year = 2004,
title = { Diagnostic and therapeutic utility of B-type natriuretic peptide in patients with renal insufficiency and decompensated heart failure.},
journal = { Rev Cardiovasc Med},
volume = 5,
pages = {16-25}
},
@article{146,
author = {Castillo JR, Zagler A, Carrillo-Jimenez R, Hennekens CH },
year = 2004,
title = { Brain natriuretic peptidevolume = ,
 a potential marker for mortality in septic shock.},
journal = { Int J Infect Dis},
volume = 8,
pages = {271-274}
},
@article{147,
author = {Witthaut R, Busch C, Fraunberger P et al },
year = 2003,
title = { Plasma atrial natriuretic peptide and brain natriuretic peptide are increased in septic shockvolume = ,
 impact of interleukin-6 and sepsis-associ- ated left ventricular dysfunction.},
journal = { Intensive Care Med},
volume = 29,
pages = {1696-1702}
},
@article{148,
author = {Takemura G, Takatsu Y, Doyama K et al },
year = 1998,
title = { Expression of atrial and brain natriuretic peptides and their genes in hearts of patients with cardiac amyloidosis.},
journal = { J Am Coll Cardiol},
volume = 31,
pages = {254-265}
},
@article{149,
author = {Palladini G, Campana C, Klersy C et al },
year = 2003,
title = { Serum N-terminal pro-brain natriuretic pep- tide is a sensitive marker of myocardial dysfunction in AL amyloidosis.},
journal = { Circulation},
volume = 107,
pages = {2440-2445}
},
@article{150,
author = {McGirt MJ, Blessing R, Nimjee SM et al },
year = 2004,
title = { Correlation of serum brain natriuretic pep- tide with hyponatremia and delayed ischemic neurological deficits after subarachnoid hem- orrhage.},
journal = { Neurosurgery},
volume = 54,
pages = {1369-1373}
},
@article{151,
author = {Fukui S, Nawashiro H, Otani N et al },
year = 2003,
title = { Focal brain edema and natriuretic peptides in patients with subarachnoid hemorrhage.},
journal = { Acta Neurochir Suppl},
volume = 86,
pages = {489-491}
},
@article{152,
author = {Kurokawa Y, Uede T, Ishiguro M et al },
year = 1996,
title = { Pathogenesis of hyponatremia following sub- arachnoid hemorrhage due to ruptured cerebral aneurysm.},
journal = { Surg Neurol},
volume = 46,
pages = {500-507}
},
@article{153,
author = {Fukui S, Katoh H, Tsuzuki N et al },
year = 2004,
title = { Focal brain edema and natriuretic peptides in patients with subarachnoid hemorrhage.},
journal = { J Clin Neurosci},
volume = 11,
pages = {507-511}
},
@article{154,
author = {Mimura Y, Kanauchi H, Ogawa T, Oohara T },
year = 1996,
title = { Resistance to natriuresis in patients with peritonitis carcinomatosa.},
journal = { Horm Metab Res},
volume = 28,
pages = {183-186}
},
@article{155,
author = {Marchioli CC, Graziano SL },
year = 1997,
title = { Paraneoplastic syndromes associated with small cell lung cancer.},
journal = { Chest Surg Clin N Am},
volume = 7,
pages = {65-80}
},
@article{156,
author = {Johnson BE, Damodaran A, Rushin J et al },
year = 1997,
title = { Ectopic production and processing of atri- al natriuretic peptide in a small cell.},
journal = { Cancer},
volume = 79,
pages = {35-44}
},
@article{157,
author = {Hayakawa H, Komada Y, Hirayama M et al },
year = 2001,
title = { Plasma levels of natriuretic peptides in relation to doxorubicin-induced cardiotoxicity and cardiac function in children with cancer.},
journal = { Med Pediatr Oncol},
volume = 37,
pages = {4-9}
},
@article{158,
author = {Suzuki T, Hayashi D,Yamazaki T et al },
year = 1998,
title = { Elevated B-type natriuretic peptide levels after anthracycline administration.},
journal = { Am Heart J},
volume = 136,
pages = {362-363}
},
@article{159,
author = {Nousiainen T, Jantunen E, Vanninen E et al },
year = 1998,
title = { Acute neurohumoral and cardiovascular effects of idarubicin in leukemia patients.},
journal = { Eur J Haematol},
volume = 61,
pages = {347-353}
},
@article{160,
author = {Nousiainen T, Jantunen E,Vanninen E et al },
year = 1999,
title = { Natriuretic peptides as markers of cardiotox- icity during doxorubicin treatment for non-Hodgkin’s lymphoma.},
journal = { Eur J Haematol},
volume = 62,
pages = {135-141}
},
@article{161,
author = {Okumura H, Iuchi K,Yoshida T et al },
year = 2000,
title = { Brain natriuretic peptide is a predictor of anthra- cycline-induced cardiotoxicity.},
journal = { Acta Haematol},
volume = 104,
pages = {158-163}
},
@article{162,
author = {Mukoyama M, Nakao K, Obata K et al },
year = 1991,
title = { Augmented secretion of brain natriuretic pep- tide in acute myocardial infarction.},
journal = { Biochem Biophys Res Commun volume = 15},
,
pages = {431-436}
},
@article{163,
author = {Morita E,Yasue H,Yoshimura M et al },
year = 1993,
title = { Increased plasma levels of brain natriuretic pep- tide in patients with acute myocardial infarction.},
journal = { Circulation},
volume = 88,
pages = {82-91}
},
@article{164,
author = {Anand-Srivastava MB, Trachte GJ },
year = 1993,
title = { Atrial natriuretic factor receptors and signal trans- duction mechanisms.},
journal = { Pharmacol Rev},
volume = 45,
pages = {455-497}
},
@article{165,
author = {Kuhn M },
year = 2004,
title = { Molecular physiology of natriuretic peptide signalling.},
journal = { Basic Res Cardiol},
volume = 99,
pages = {76-82}
},
@article{166,
author = {Lohmann SM, Vaandrager AB, Smolenski A et al },
year = 1997,
title = { Distinct and specific functions of cGMP-dependent protein kinases.},
journal = { Trend Biochem Sci},
volume = 22,
pages = {307-312}
},
@article{167,
author = {Pfeifer A, Ruth P, Dostmann W et al },
year = 1999,
title = { Structure and function of cGMP-dependent pro- tein kinases.},
journal = { Rev Physiol Biochem Pharmacol},
volume = 135,
pages = {105-149}
},
@article{168,
author = {Ahluwalia A, MacAllister RJ, Hobbs AJ },
year = 2004,
title = { Vascular actions of natriuretic peptides. Cyclic GMP-dependent and -independent mechanisms.},
journal = { Basic Res Cardiol},
volume = 99,
pages = {83-89}
},
@article{169,
author = {Potter LR, Hunter T },
year = 1998,
title = { Identification and characterization of the major phosphoryla- tion sites of the B-type natriuretic peptide receptor.},
journal = { J Biol Chem},
volume = 273,
pages = {15533-15539}
},
@article{170,
author = {Potter LR, Hunter T },
year = 1998,
title = { Phosphorylation of the kinase homology domain is essential for activation of the A-type natriuretic peptide receptor.},
journal = { Mol Cell Biol},
volume = 18,
pages = {2164-2172}
},
@article{171,
author = {Potter LR },
year = 1998,
title = { Phosphorylation-dependent regulation of the guanylyl cyclase-linked natri- uretic peptide receptor Bvolume = ,
 dephosphorylation is a mechanism of desensitization.},
journal = { Biochem- istry},
volume = 37,
pages = {2422-2429}
},
@article{172,
author = {Fan D, Bryan PM, Antos LK et al},
year = 2005,
title = {Down-regulation does not mediate natriuretic pep- tide-dependent desensitization of natriuretic peptide receptor (NPR)-A or NPR-B. Guanylyl cyclase-linked natriuretic peptide receptors do not internalize.},
journal = { Mol Pharmacol},
volume = 67,
pages = {1-10}
},
@article{173,
author = {Chinkers M, Wilson EM },
year = 1992,
title = { Ligand-independent oligomerization of natriuretic peptide receptors. Identification of heteromeric receptors and a dominant negative mutant.},
journal = { J Biol Chem},
volume = 267,
pages = {18589-18597}
},
@article{174,
author = {Huo X, Abe T, Risono KS },
year = 1999,
title = { Ligand binding-dependent limited proteolysis of the atrial natriuretic peptide receptor juxtamembrane hinge structure essential for transmembrane signal transduction.},
journal = { Biochemistry},
volume = 38,
pages = {16941-16951}
},
@article{175,
author = {Labrecque J, McNiccol N, Marquis M, De Lean A },
year = 1999,
title = { A disulfide-bridged mutant of natri- uretic peptide receptor-A displays constitutive activity. Role of receptor dimerization in sig- nal transduction.},
journal = { J Biol Chem},
volume = 274,
pages = {9752-9759}
},
@article{176,
author = {Labrecque J, Deschenes J, McNiccol N, De Lean A },
year = 2001,
title = { Agonistic induction of a covalent dimer in a mutant of natriuretic peptide receptor-A documents a juxtamembrane interaction that accompanies receptor activation.},
journal = { J Biol Chem},
volume = 276,
pages = {8064-8072}
},
@article{177,
author = {Ogawa H, Qiu Y, Ogata CM, Risono KS },
year = 2004,
title = { Crystal structure of hormone-bound atrial natriuretic peptide receptor extracellular domainvolume = ,
 rotation mechanism for transmembrane signal transduction.},
journal = { J Biol Chem},
volume = 279,
pages = {28625-28631}
},
@article{178,
author = {Duda T, Sharma RK },
year = 1990,
title = { Regulation of guanylate cyclase activity by atrial natriuretic fac- tor and protein kinase C.},
journal = { Mol Cell Biochem},
volume = 93,
pages = {179-184}
},
@article{179,
author = {Potter LR, Garber DL },
year = 1992,
title = { Dephosphorylation of the guanyl cyclase-A receptor causes desensitization.},
journal = { J Biol Chem},
volume = 267,
pages = {14531-14534}
},
@article{180,
author = {Potter LR, Garber DL },
year = 1994,
title = { Protein kinase C-dependent desensitization of the atrial natri- uretic peptide receptor is mediated by dephosphorylation.},
journal = { J Biol Chem},
volume = 269,
pages = {14636-14642}
},
@article{181,
author = {Foster DC, Garber DL },
year = 1998,
title = { Dual role for adenine nucleotide in the regulation of the atri- al natriuretic factor receptor subtypes by angiotensin II.},
journal = { J Biol Chem},
volume = 273,
pages = {16311-16318}
},
@article{182,
author = {Joubert S, Labrecque J, De Lean A },
year = 2001,
title = { Reduced activity of the NPR-A kinase triggers dephos- phorylation and homologous desensitization of the receptor.},
journal = { Biochemistry},
volume = 40,
pages = {11096-11105}
},
@article{183,
author = {Rathinavelu A, Isom GE },
year = 1991,
title = { Differential internalization and processing of atrial-natri- uretic-factor B and C receptor in PC12 cells.},
journal = { Biochem J},
volume = 276,
pages = {493-497}
},
@article{184,
author = {Pandey KN, Inagami T, Misono KS },
year = 1986,
title = { Atrial natriuretic factor receptor on cultured Ley- dig tumor cellsvolume = ,
 ligand binding and photoaffinity labeling.},
journal = { Biochemistry},
volume = 25,
pages = {8467-8472}
},
@article{185,
author = {Pandey KN },
year = 1993,
title = { Stoichiometric analysis of internalization, recycling and redistribution of photoaffinity-labeled guanylate cyclase/atrial natriuretic factor receptors in cultured murine Leydig tumor cells.},
journal = { J Biol Chem},
volume = 268,
pages = {4382-4390}
},
@article{186,
author = {Pandey KN, Kumar R, Li M, Nguyen H },
year = 2000,
title = { Functional domains and expression of trun- cated atrial natriuretic peptide receptor-Avolume = ,
 the carboxyl-terminal regions direct the recep- tor internalization and sequestration in COS-/ cells.},
journal = { Mol Pharmacol},
volume = 57,
pages = {259-267}
},
@article{187,
author = {Pandey KN },
year = 2001,
title = { Dynamics of internalization and sequestration of guanylyl cyclase/atrial natriuretic peptide receptor-A.},
journal = { Can J Physiol Pharmacol},
volume = 79,
pages = {631-639}
},
@article{188,
author = {Koh GY, Nussenzveig DR, Okolicany J et al },
year = 1992,
title = { Dynamics of atrial natriuretic factor- guanylate cyclase receptor and receptor-ligand complexes in cultured glomerular mesan- gial and renomedullary interstitial cells.},
journal = { J Biol Chem},
volume = 267,
pages = {11987-11994}
},
@article{189,
author = {Vieira MA, Gao M, Nikonova LN, Maack T },
year = 2001,
title = { Molecular and cellular physiology of the dissociation of atrial natriuretic peptide from guanylyl cyclase A receptors.},
journal = { J Biol Chem},
volume = 276,
pages = {36438-36445}
},
@article{190,
author = {Anand-Srivastava MB },
year = 2005,
title = { Natriuretic peptide receptor-C signaling and regulation.},
journal = { Pep- tides},
volume = 26,
pages = {1044-1059}
},
@article{191,
author = {Drewett JG, Ziegler RJ, Trachte GJ },
year = 1992,
title = { Neuromodulatory effects of atrial natriuretic pep- tides correlate with an inhibition of adenylate cyclase but not an activation of guanylate cyclase.},
journal = { J Pharmacol Exp Ther},
volume = 260,
pages = {689-696}
},
@article{192,
author = {D’Souza SP, Davis M, Baxter GF },
year = 2004,
title = { Autocrine and paracrine actions of natriuretic pep- tides in the heart.},
journal = { Pharmacol Ther},
volume = 101,
pages = {113-129}
},
@article{193,
author = {Haak T, Jungmann E, Schoffling K },
year = 1990,
journal = {title = {},
pages = {24-}
},hour variation in atrial natriuretic peptide.},
journal = { Lancet},
volume = 335,
pages = {167-168}
},
@article{194,
author = {Haak T, Jungmann E, Schoffling K, Usadel KH },
year = 1992,
title = { Evidence for pulsatile secretion of human atrial natriuretic peptide in healthy subjects.},
journal = { Exp Clin Endocrinol},
volume = 99,
pages = {108-109}
},
@article{195,
author = {Nugent AM, Onuoha GN, McEneaney DJ et al },
year = 1994,
title = { Variable patterns of atrial natriuretic pep- tide secretion in man.},
journal = { Eur J Clin Invest},
volume = 24,
pages = {267-274}
},
@article{196,
author = {Pedersen EB, Pedersen HB, Jensen KT },
year = 1999,
title = { Pulsatile secretion of atrial natriuretic peptide and brain natriuretic peptide in healthy humans.},
journal = { Clin Sci},
volume = 97,
pages = {201-206}
},
@article{197,
author = {Bentzen H, Pedersen RS, Pedersen HB et al },
year = 2003,
title = { Abnormal rhythmic oscillations of atrial natriuretic peptide and brain natriuretic peptide in heart failure.},
journal = { Clin Sci},
volume = 104,
pages = {303-312}
},
@article{198,
author = {Pilo A, Iervasi G, Clerico A et al },
year = 1998,
title = { The circulatory model in metabolic studies of rapid- ly renewed hormonesvolume = ,
 application to ANP kinetics.},
journal = { Am J Physiol},
volume = 274,
E560-572
@article{199,
author = {Iervasi G, Clerico A, Pilo A et al },
year = 1998,
title = { Atrial natriuretic peptide is not degraded from lungs in humans.},
journal = { J Clin Endocrinol Metab},
volume = 83,
pages = {2898-2906}
},
@article{200,
author = {Clerico A,Iervasi G },
year = 1995,
title = { Alterations in metabolic clearance of atrial natriuretic peptides in heart failurevolume = ,
 how do they relate to the resistance to atrial natriuretic peptides?},
journal = { J Card Fail},
volume = 1,
pages = {323-328}
},
@article{201,
author = {Iervasi G, Clerico A, Pilo A et al },
year = 1997,
title = { Evidence that ANP tissue extraction is not changed by large increases of its plasma levels induced by pacing in humans.},
journal = { J Clin Endocrinol Metab},
volume = 82,
pages = {884-888}
},
@article{202,
author = {Totsune K, Takahashi K, Satoh F et al },
year = 1996,
title = { Urinary immunoreactive brain natriuretic pep- tide in patients with renal disease.},
journal = { Regul Pept},
volume = 63,
pages = {141-146}
},
@article{203,
author = {Ng LL, Geeranavor S, Jennings SC et al },
year = 2004,
title = { Diagnosis of heart failure using urinary natri- uretic peptides.},
journal = { Clin Sci},
volume = 106,
pages = {129-133}
},
@article{204,
author = {Shimizu H, Masuta K, Asada H et al },
year = 2003,
title = { Characterization of molecular forms of probrain natriuretic peptide in human plasma.},
journal = { Clin Chim Acta},
volume = 334,
pages = {233-239}
},
@article{205,
author = {Hunt PJ,Richards AM,Nicholls MG et al},
year = 1997,
title = {Immunoreactive amino-terminal pro-brain natri- uretic peptide (NT-proBNP)volume = ,
 a new marker of cardiac impairment.},
journal = { Clin Endocrinol},
volume = 47,
pages = {287-296}
},
@article{206,
author = {Goetze JP, Rehfeld JF,Videbaek R et al },
year = 2005,
title = { B-type natriuretic peptide and its precursor in cardiac venous blood from failing hearts.},
journal = { Eur J Heart Fail},
volume = 7,
pages = {69-74}
},
@article{207,
author = {Goetze JP,Videbaek R, Boesgaard S et al },
year = 2004,
title = { Pro-brain natriuretic peptide as marker of car- diovascular or pulmonary causes of dyspnea in patients with terminal parenchymal lung disease.},
journal = { J Heart Lung Transplant},
volume = 23,
pages = {80-87}
},
@article{208,
author = {Mukoyama M, Nakao K, Hosoda K et al },
year = 1991,
title = { Brain natriuretic peptide as a novel cardiac hor- mone in humans. Evidence for an exquisite dual natriuretic peptide system, atrial natriuret- ic peptide and brain natriuretic peptide.},
journal = { J Clin Invest},
volume = 87,
pages = {1402-1412}
},
@article{209,
author = {Mizuno Y, Yoshimura M, Yasue H et al },
year = 2001,
title = { Aldosterone production is activated in failing ventricle in humans.},
journal = { Circulation},
volume = 103,
pages = {72-77}
},
@article{210,
author = {Kalra PR, Clague JR, Bolger AP et al },
year = 2003,
title = { Myocardial production of C-type natriuretic pep- tide in chronic heart failure.},
journal = { Circulation},
volume = 107,
pages = {571-573}
},
@article{211,
author = {Gardner DG, Hedges BK, Wu J et al },
year = 1989,
title = { Expression of the atrial natriuretic peptide gene in human fetal heart.},
journal = { J Clin Endocrinol Metab},
volume = 69,
pages = {729-737}
},
@article{212,
author = {Cameron VA, Ellmers LJ },
year = 2003,
title = { Minireviewvolume = ,
 natriuretic peptides during development of the fetal heart and circulation.},
journal = { Endocrinology},
volume = 144,
pages = {2191-2194}
},
@article{213,
journal = {author = {Takahashi T, Allen PD, Izumo S year =},
1992,
title = { Expression of A-, B-, and C-type natriuretic peptide genes in failing and developing human ventricles.},
 Correlation with expression of the Ca},
title = {(2+)- ATPase gene.},
journal = { Circ Res},
volume = 71,
pages = {9-17}
},
@article{214,
author = {Day ML, Schwartz D,Wiegand RC et al },
year = 1987,
title = { Ventricular atriopeptin. Unmasking of messenger RNA and peptide synthesis by hypertrophy or dexamethasone.},
journal = { Hypertension},
volume = 9,
pages = {485-491}
},
@article{215,
author = {Swynghedauw B, Baillard C },
year = 2000,
title = { Biology of hypertensive cardiopathy.},
journal = { Curr Opin Cardiol},
volume = 15,
pages = {247-253}
},
@article{216,
author = {Cheung CY },
year = 1995,
title = { Regulation of atrial natriuretic factor secretion and expression in the ovine fetus.},
journal = { Neurosci Biobehav Rev},
volume = 19,
pages = {159-164}
},
@article{217,
author = {Deloof S, Chatelain A },
year = 1994,
title = { Effect of blood volume expansion on basal plasma atrial natri- uretic factor and adrenocorticotropic hormone secretions in the fetal rat at term.},
journal = { Biol Neonate},
volume = 65,
pages = {390-395}
},
@article{218,
journal = {author = {Johnson DD, Singh MB, Cheung CY year =},
1997,
title = { Effect of three hours of hypoxia on atrial natri- uretic factor gene expression in the ovine fetal heart.},
journal = { Am J Obstet Gynecol},
176},
journal = {(1 Pt},
1)volume = ,
pages = {42-48}
},
@article{219,
author = {Rosenfeld CR, Samson WK, Roy TA et al },
year = 1992,
title = { Vasoconstrictor-induced secretion of ANP in fetal sheep.},
journal = { Am J Physiol},
volume = 263,
E526-533
@article{220,
author = {Wei YF, Rodi CP, Day ML et al },
year = 1987,
title = { Developmental changes in the rat atriopeptin hormonal system.},
journal = { J Clin Invest},
volume = 79,
pages = {1325-1329}
},
@article{221,
author = {Cheung CY },
year = 1994,
title = { Regulation of atrial natriuretic factor release by endothelin in ovine fetus- es.},
journal = { Am J Physiol},
volume = 267,
R380-386
@article{222,
author = {Cameron VA, Aitken GD, Ellmers LJ et al },
year = 1996,
title = { The sites of gene expression of atrial, brain, and C-type natriuretic peptides in mouse fetal developmentvolume = ,
 temporal changes in embryos and placenta.},
journal = { Endocrinology},
volume = 137,
pages = {817-824}
},
@article{223,
author = {Graham CH, Watson JD, Blumenfeld AJ, Pang SC },
year = 1996,
title = { Expression of atrial natriuretic pep- tide by third-trimester placental cytotrophoblasts in women.},
journal = { Biol Reprod},
volume = 54,
pages = {834-840}
},
@article{224,
author = {Lim AT, Gude NM },
year = 1995,
title = { Atrial natriuretic factor production by the human placenta.},
journal = { J Clin Endocrinol Metab},
volume = 80,
pages = {3091-3093}
},
@article{225,
author = {Holcberg G, Kossenjans W, Brewer A et al},
year = 1995,
title = {The action of two natriuretic peptides (atri- al natriuretic peptide and brain natriuretic peptide) in the human placental vasculature.},
journal = { Am J Obstet Gynecol},
volume = 172,
pages = {71-77}
},
@article{226,
author = {Holcberg G, Kossenjans W, Brewer A et al },
year = 1995,
title = { Selective vasodilator effects of atrial natri- uretic peptide in the human placental vasculature.},
journal = { J Soc Gynecol Investig},
volume = 2,
pages = {1-5}
},
@article{227,
author = {Stebbing PN, Gude NM, King RG, Brennecke SP },
year = 1996,
title = { Alpha-atrial natriuretic peptide- induced attenuation of vasoconstriction in the fetal circulation of the human isolated perfused placenta.},
journal = { J Perinat Med},
volume = 24,
pages = {253-260}
},
@article{228,
author = {Abell TJ, Richards AM, Ikram H et al },
year = 1989,
title = { Atrial natriuretic factor inhibits proliferation of vascular smooth muscle cells stimulated by platelet-derived growth factor.},
journal = { Biochem Bio- phys Res Commun},
volume = 160,
pages = {1392-1396}
},
@article{229,
author = {Horio T, Nishikimi T,Yoshihara F et al },
year = 2000,
title = { Inhibitory regulation of hypertrophy by endoge- nous atrial natriuretic peptide in cultured cardiac myocytes.},
journal = { Hypertension},
volume = 35,
pages = {19-24}
},
@article{230,
author = {Wu C, Bishopric N, Pratt R },
year = 1997,
title = { Atrial natriuretic peptide induces apoptosis in neonatal rat cardiac myocytes.},
journal = { J Biol Chem},
volume = 272,
pages = {14860-14866}
},
@article{231,
author = {Cao L, Gardner D },
year = 1995,
title = { Natriuretic peptides inhibit DNA synthesis in cardiac fibroblasts.},
journal = { Hypertension},
volume = 25,
pages = {227-234}
},
@article{232,
author = {Oliver P, Fox J, Kim R et al },
year = 1997,
title = { Hypertension, cardiac hypertrophy and sudden death in mice lacking natriuretic peptide receptor A.},
journal = { Proc Natl Acad Sci USA},
volume = 94,
pages = {14730-14735}
},
@article{233,
author = {Knowles J, Esposito G, Mao L et al },
year = 2001,
title = { Pressure independent enhancement of cardiac hypertrophy in natriuretic peptide receptor A deficient mice.},
journal = { J Clin Invest},
volume = 107,
pages = {975-984}
},
@article{234,
author = {Ellmers L, Knowles J, Kim H-S et al },
year = 2002,
title = { Ventricular expression of atrial and brain natri- uretic peptide in Npr1 deficient mice with cardiac hypertrophy and fibrosis.},
journal = { Am J Physiol},
volume = 283,
H707-714
@article{235,
author = {John SWM, Krege JH, Oliver PM et al },
year = 1995,
title = { Genetic decreases in atrial natriuretic peptide and salt-sensitive hypertension.},
journal = { Science},
volume = 267,
pages = {679-681}
},
@article{236,
author = {Tamura N, Ogawa Y, Chusho H et al },
year = 2000,
title = { Cardiac fibrosis in mice lacking brain natriuret- ic peptide.},
journal = { Proc Natl Acad Sci USA},
volume = 97,
pages = {4239-4244}
},
@article{237,
author = {Suda M, Ogawa Y, Tanaka K et al },
year = 1998,
title = { Skeletal overgrowth in transgenic mice that overex- press brain natriuretic peptide.},
journal = { Proc Natl Acad Sci USA},
volume = 95,
pages = {2337-2342}
},
@article{238,
author = {Matsukawa N, Grzesik W, Takahashi N et al },
year = 1999,
title = { The natriuretic peptide clearance recep- tor locally modulates the physiological effects of the natriuretic peptide system.},
journal = { Proc Natl Acad Sci USA},
volume = 96,
pages = {7403-7408}
},
@article{239,
author = {Chusho H, Tamura N, Ogawa Y et al },
year = 2001,
title = { Dwarfism and early death in mice lacking c-type natriuretic peptide.},
journal = { Proc Natl Acad Sci USA},
volume = 98,
pages = {4016-4021}
},
@article{240,
author = {Mericq V, Uyeda J, Barnes K et al },
year = 2000,
title = { Regulation of fetal rat bone growth by c-type natri- uretic peptide and cGMP.},
journal = { Pediatr Res},
volume = 47,
pages = {189-193}
},
@article{241,
author = {Irons DW, Bayles PH, Davison JM },
year = 1996,
title = { Effect of atrial natriuretic peptide on renal hemo- dynamics and sodium excretion during human pregnancy.},
journal = { Am J Physiol},
volume = 271,
F239-242
@article{242,
author = {Rutherford AJ, Anderson JV, Elder MG, Bloom SR },
year = 1987,
title = { Release of atrial natriuretic pep- tide during pregnancy and immediate puerperium.},
 Lancet ivolume = ,
pages = {928-929}
},
@article{243,
author = {Clerico A, Del Chicca MG, Ferdeghini M et al},
year = 1980,
title = {Progressively elevated levels of biolog- ically active (free) cortisol during pregnancy by a direct radioimmunological assay of diffusible cortisol in an equilibrium dialysis system.},
journal = { J Endocrinol Invest},
volume = 3,
pages = {185-187}
},
@article{244,
author = {Wilson M, Morganti AA, Zervoudakis I et al },
year = 1980,
title = { Blood pressure, the renin-aldosterone system and sex steroids throughout normal pregnancy.},
journal = { Am J Med},
volume = 68,
pages = {97-104}
},
@article{245,
author = {Furuhashi N, Kimura H, Nagae H et al },
year = 1994,
title = { Brain natriuretic peptide and atrial natriuret- ic peptide levels in normal pregnancy and preeclampsia.},
journal = { Gynecol Obstet Invest},
volume = 38,
pages = {73-77}
},
@article{246,
author = {Minegishi T, Nakamura M, Abe K et al },
year = 1999,
title = { Adrenomedullin and atrial natriuretic peptide concentrations in normal pregnancy and pre-eclampsia.},
journal = { Mol Hum Reprod},
volume = 5,
pages = {767-770}
},
@article{247,
author = {Okuno S, Hamada H, Yasuoka M et al},
year = 1999,
title = {Brain natriuretic peptide (BNP) and cyclic guanosine monophosphate (cGMP) levels in normal pregnancy and preeclampsia.},
journal = { J Obstet Gynaecol Res},
volume = 25,
pages = {407-410}
},
@article{248,
author = {Fleming SM, O’Byrne L, Grimes H et al },
year = 2001,
title = { Amino-terminal pro-brain natriuretic peptide in normal and hypertensive pregnancy.},
journal = { Hypertens Pregnancy},
volume = 20,
pages = {169-175}
},
@article{249,
author = {Kale A, Kale E, Yalinkaya A et al },
year = 2005,
title = { The comparison of amino-terminal probrain natri- uretic peptide levels in preeclampsia and normotensive pregnancy.},
journal = { J Perinat Med},
volume = 33,
pages = {121-124}
},
@article{250,
author = {Resnik JL, Hong C, Resnik R et al},
year = 2005,
title = {Evaluation of B-type natriuretic peptide (BNP) lev- els in normal and preeclamptic women.},
journal = { Am J Obstet Gynecol},
volume = 193,
pages = {450-454}
},
@article{251,
author = {Nakayama T },
year = 2005,
title = { The genetic contribution of the natriuretic peptide system to cardio- vascular diseases.},
journal = { Endocr J},
volume = 52,
pages = {11-21}
},
@article{252,
author = {Clerico A },
year = 2003,
title = { Increasing impact of laboratory medicine in clinical cardiology.},
journal = { Clin Chem Lab Med},
volume = 41,
pages = {871-883}
},
@article{253,
author = {Steinhelper ME, Cochrane KL, Field LJ },
year = 1990,
title = { Hypotension in transgenic mice expressing atrial natriuretic factor fusion genes.},
journal = { Hypertension},
volume = 16,
pages = {301-307}
},
@article{254,
author = {Ogawa Y, Itoh H, Tamura N et al },
year = 1994,
title = { Molecular cloning of the complementary DNA and gene that encode mouse brain natriuretic peptide and generation of transgenic mice that overexpress tha brain natriuretic peptide gene.},
journal = { J Clin Invest},
volume = 93,
pages = {1911-1921}
},
@article{255,
author = {John SW, Krege JH, Oliver PM et al },
year = 1995,
title = { Genetic decrease in atrial natriuretic peptide and salt-sensitive hypertension.},
journal = { Science},
volume = 267,
pages = {679-681}
},
@article{256,
author = {Lopez MJ, Wong SK, Kishimoto I et al },
year = 1995,
title = { Salt-resistant hypertension in mice lacking the guanylyl cyclase-A receptor for atrial natriuretic peptide.},
journal = { Nature},
volume = 378,
pages = {65-68}
},
@article{257,
author = {Rutledge DR, Sun Y, Ross EA },
year = 1995,
title = { Polymorphisms within the atrial natriuretic peptide gene in essential hypertension.},
journal = { J Hypertens},
volume = 13,
pages = {953-955}
},
@article{258,
author = {Ramasawmy R, Kotea N, Lu C et al},
year = 1993,
title = {A new polymorphic restriction site at the human atrial natriuretic peptide (hANP) gene locus.},
journal = { Hum Genet},
volume = 91,
pages = {509-510}
},
@article{259,
author = {Schorr U, Beige J, Ringel J et al },
year = 1997,
title = { HpaII polymorphism of the atrial natriuretic peptide gene and blood pressure response to salt intake in normotensive men.},
journal = { J Hypertens},
volume = 15,
pages = {715-718}
},
@article{260,
author = {Widecka K, Ciechanowicz A, Adler G et al},
year = 1998,
title = {Analysis of polymorphisms Sma (Hpa II) and Sca I gene precursors of atrial natriuretic peptide (ANP) in patients with essential hyper- tension.},
journal = { Pol Arch Med Wewn},
volume = 100,
pages = {27-34}
},
@article{261,
author = {Cheung BMY, Leung R, Shiu S et al },
year = 1999,
title = { HpaII polymorphism in the atrial natriuretic pep- tide gene and hypertension.},
journal = { Am J Hypertens},
volume = 12,
pages = {524-527}
},
@article{262,
author = {Rahmutula D, Nakayama T, Soma M et al },
year = 2001,
title = { Association study between the variants of the human ANP gene and essential hypertension.},
journal = { Hypertens Res},
volume = 24,
pages = {291-294}
},
@article{263,
author = {Kato N, Sugiyama T, Morita H et al },
year = 2000,
title = { Genetic analysis of the atrial natriuretic peptide gene in essential hypertension.},
journal = { Clin Sci},
volume = 98,
pages = {251-258}
},
@article{264,
author = {Sarzani R, Dessi-Fulgheri P, Salvi F et al },
year = 1999,
title = { A novel promoter variant of the natriuretic peptide clearance receptor gene is associated with lower atrial natriuretic peptide and high- er blood pressure in obese hypertensives.},
journal = { J Hypertens},
volume = 17,
pages = {1301-1305}
},
@article{265,
author = {Nakayama T, Soma M, Takahashi Y et al },
year = 2000,
journal = {title = { Functional deletion mutation of the},
5’-flank- ing region of type A natriuretic peptide receptor gene and its association with essential hypertension and left ventricular hypertrophy in the Japanese.},
journal = { Circ Res},
volume = 86,
pages = {841-845}
},
@article{266,
author = {Lucarelli K, Iacoviello M, Dessi-Fulgheri P et al},
year = 2001,
title = { Associazione di una nuova variante genica del recettore A dei peptidi natriuretici con la familiarità per ipertensione arteriosa.},
journal = { Ital Heart J 2 (Suppl},
6)volume = ,
10
@article{267,
author = {Ahluwalia A, Hobbs AJ },
year = 2005,
title = { Endothelium-derived C-type natriuretic peptidevolume = ,
 more than just a hyperpolarized factor.},
journal = { Trends Pharmacol Sci},
volume = 26,
pages = {162-167}
},
@article{268,
journal = {author = {Zeidel ML year =},
2000,
title = { Physiological responses to natriuretic hormones.},
 Involume = ,
 Fray JCS, Goodman HM },
journal = {title = {(eds) Handbook of physiology, Section},
7, The endocrine system,Volume IIIvolume = ,
 Endocrine regulation of water and electrolyte balance.},
journal = { New York, Oxford University Press, pp},
pages = {410-435}
},
@article{269,
author = {Han B, Hasin Y },
year = 2003,
title = { Cardiovascular effects of natriuretic peptides and their interrelation with endothelin-1.},
journal = { Cardiovasc Drugs Ther},
volume = 17,
pages = {41-52}
},
@article{270,
author = {Houben AJ, van der Zander K, de Leeuw PW },
year = 2005,
title = { Vascular and renal actions of brain natri- uretic peptide in manvolume = ,
 physiology and pharmacology.},
journal = { Fundam Clin Pharmacol},
volume = 19,
pages = {411-419}
},
@article{271,
author = {Scotland RS, Ahluwalia A, Hobbs AJ },
year = 2005,
title = { C-type natriuretic peptide in vascular physiolo- gy and disease.},
journal = { Pharmacol Ther},
volume = 105,
pages = {85-89}
},
@article{272,
author = {Casco VH,Veinot JP, Kuroski de Bold ML et al },
year = 2002,
title = { Natriuretic peptide system gene expres- sion in human coronary arteries.},
journal = { J Histochem Cytochem},
volume = 50,
pages = {799-809}
},
@article{273,
author = {Nazario B, Hu RM, Pedram A et al },
year = 1995,
title = { Atrial and brain natriuretic peptides stimulate the production and secretion of C-type natriuretic peptide from bovine aortic endothelial cells.},
journal = { J Clin Invest},
volume = 95,
pages = {1151-1157}
},
@article{274,
author = {De los Angeles Costa M, Elesgaray R, Loria A et al},
year = 2004,
title = { Atrial natriuretic peptide influence on nitric oxide system in kidney and heart.},
journal = { Regul Pept},
volume = 118,
pages = {151-157}
},
@article{275,
author= {Ruskoaho H, Leskinen H, Magga J et al },
year = 1997,
title = { Mechanisms of mechanical load-induced atri- al natriuretic peptide secretionvolume = ,
 role of endothelin, nitric oxide, and angiotensin II.},
journal = { J Mol Med},
volume = 75,
pages = {876-885}
},
@article{276,
author = {Gyurko R, Kuhlencordt P, Fishman MC, Huang OL },
year = 2000,
title = { Modulation of mouse cardiac func- tion in vivo by eNOS and ANP.},
journal = { Am J Physiol},
volume = 278,
H971-981
@article{277,
author = {Kohno M, Horio T, Yokokawa K },
year = 1992,
journal = {title = { C-type natriuretic peptide inhibits thrombin- and angiotensin II-stimulated endothelin release via cyclic guanosine},
3’,5’-monophosphate.},
journal = { Hypertension},
volume = 19,
pages = {320-325}
},
@article{278,
author = {Davidson NC, Barr CS, Struthers AD },
year = 1996,
title = { C-type natriuretic peptide. An endogenous inhibitor of vascular angiotensin-converting enzyme activity.},
journal = { Circulation},
volume = 931,
pages = {155-159}
},
@article{279,
author = {Evans JJ,Youssef AH,Yandle TG et al },
year = 2002,
title = { Effects of endothelin-1 on release of adrenomedullin and C-type natriuretic peptide from individual human vascular endothelial cells.},
journal = { J Endocrinol},
volume = 175,
pages = {225-232}
},
@article{280,
author = {Suga S, Itoh H, Komatsu Y et al},
year = 1993,
title = {Cytokine-induced C-type natriuretic peptide (CNP) secretion from vascular endothelial cells - evidence for CNP as a novel autocrine/paracrine regulator from endothelial cells.},
journal = { Endocrinology},
volume = 133,
pages = {3038-3041}
},
@article{281,
author = {Ohno N, Itoh H, Ikeda T et al },
year = 2002,
title = { Accelerated reendothelialization with suppressed throm- bogenic property and neointimal hyperplasia of rabbit jugular vein grafts by adenovirus- mediated gene transfer of C-type natriuretic peptide.},
journal = { Circulation},
volume = 105,
pages = {1623-1626}
},
@article{282,
author = {Kiemer AK, Lehner MD, Hartung T,Vollmar AM },
year = 2002,
title = { Inhibition of cyclooxygenase-2 by natri- uretic peptides.},
journal = { Endocrinology},
volume = 143,
pages = {846-852}
},
@article{283,
author = {Kiemer AK, Furst R,Vollmar AM },
year = 2005,
title = { Vasoprotective actions of the atrial natriuretic pep- tide.},
journal = { Curr Med Chem Cardiovasc Hematol Agents},
volume = 3,
pages = {11-21}
},
@article{284,
author = {Furuya M,Yoshida M, Hayashi Y et al },
year = 1991,
title = { C-type natriuretic peptide is a growth inhibitor of rat vascular smooth muscle cells.},
journal = { Biochem Biophys Res Commun},
volume = 177,
pages = {927-931}
},
@article{285,
author = {Gonzalez Bosc LV, Majowicz MP, Vidal NA },
year = 2000,
title = { Effects of atrial natriuretic peptide in the gut.},
journal = { Peptides},
volume = 21,
pages = {875-887}
},
@article{286,
author = {Rollin R, Mediero A, Roldan-Pallares M et al },
year = 2004,
title = { Natriuretic peptide system in the human retina.},
journal = { Mol Vis},
volume = 10,
pages = {15-22}
},
@article{287,
author = {Barabasi AL, Oltvai ZN },
year = 2004,
title = { Network biologyvolume = ,
 understanding the cell’s functional organ- ization.},
journal = { Nat Rev Genet},
volume = 5,
pages = {101-113}
},
@article{287,
author = {Clerico A, Recchia FA, Passino C, Emdin M },
year = 2006,
title = { Cardiac endocrine function is an essen- tial component of the homeostatic regulation networkvolume = ,
 physiological and clinical implications.},
journal = { Am J Physiol Heart Circ Physiol},
volume = 290,
pages = {H17-29},
}
