@article{1,
author = {Takei },
year = 2001,
title = { Does the natriuretic peptide system exist throughout the animal and plant kingdom?},
journal = { Comp Biochem Physiol Part B},
volume = 129,
pages = {559-573},
}
@article{2,
author = {Vesely and Giordano AT },
year = 1991,
title = { Atrial natriuretic peptide hormonal system in plants.},
journal = { Biochem Biophys Res Commun},
volume = 179,
pages = {695-700}
},
@article{3,
author = {Billington  and Pharmawati  and Gehring CA },
year = 1997,
title = { Isolation and immunoaffinity purification of biologically active plant natriuretic peptide.},
journal = { Biochem Biophys Res Commun},
volume = 235,
pages = {722-725}
},
@article{4,
author = {Loretz and Pollina },
year = 2000,
title = { Natriuretic peptides in fish physiology.},
journal = { Comp Biochem Physiol Part A},
volume = 125,
pages = {169-187}
},
@article{5,
author = {Kawakoshi  and Hyodo  and Yasuda  and Takei },
year = 2003,
 title = {A single and novel natriuretic peptide is expressed in the heart and brain of the most primitive vertebrate, the hagfish Eptatretus burgeri} ,
journal = { J Mol Endocrinol},
volume = 31,
pages = {209-220}
},
@article{6,
author = {Kawakoshi  and Hyodo  and Inoue },
year = 2004,
title = { Four natriuretic peptides, (ANP, BNP,VNP and CNP) coexist in the sturgeonvolume = ,
 identification of BNP in fish lineage.},
journal = { J Mol Endocrinol},
volume = 32,
pages = {547-555}
},
@article{7,
author = {Arden and Viars and Weiss  },
year = 1995,
ytitle = { Localization of the human B-type natriuretic peptide precursor (NPPB) gene to chromosome 1p36.},
journal = { Genomics},
volume = 26,
pages = {385-389}
},
@article{8,
author = {Yang-Feng and Floyd-Smith  and Nemer  },
year = 1985,
ytitle = { The pronatriodilatin gene is located on the distal short arm of human chromosome 1 and on mouse chromosome 4.},
journal = { Am J Hum Genet},
volume = 37,
pages = {1117-1128}
},
@article{9,
author = {Steinhelper },
year = 1993,
title = { Structure, expression, and genomic mapping of the mouse natriuret- ic peptide type-B gene.},
journal = { Circ Res},
volume = 72,
pages = {984-992}
},
@article{10,
author = {Ogawa  and Itoh  and Yoshitake },
year = 1994,
title = { Molecular cloning and chromosomal assignment of the mouse C-type natriuretic peptide (CNP) gene (Nppc)volume = ,
 comparison with the human CNP gene (NPPC).},
journal = { Genomics},
volume = 24,
pages = {383-387}
},
@article{11,
author = {De Bold and Borenstein and Veress and Sonnenberg },
year = 1981,
title = { A rapid and important natri- uretic response to intravenous injection of atrial myocardial extracts in rats.},
journal = { Life Sci},
volume = 28,
pages = {89-94}
},
@article{12,
author = {De Bold and Bruneau and Kuroski de Bold ML },
year = 1996,
title = { Mechanical and neuroendocrine regu- lation of the endocrine heart.},
journal = { Cardiovasc Res},
volume = 31,
pages = {7-18}
},
@article{13,
author = {McGrath and de Bold AJ },
year = 2005,
title = { Determinants of natriuretic peptide gene expression.},
journal = { Pep- tides},
volume = 26,
pages = {933-943}
},
@article{14,
author = {Goetze },
year = 2004,
title = { Biochemistry of pro-B-type natriuretic peptide-derived peptidesvolume = ,
 the endocrine heart revisited.},
journal = { Clin Chem},
volume = 9,
pages = {1503-1510}
},
@article{15,
author = {Belenky  and Smith  and Zhang  },
year = 2004,
title = { The effect of class-specific protease inhibitors on the stabilization of B-type natriuretic peptide in human plasma.},
journal = { Clin Chim Acta},
volume = 340,
pages = {163-172}
},
@article{16,
author = {Shimizu  and Masuta  and Aono  },
year = 2002,
title = { Molecular forms of human brain natriuretic pep- tide in plasma.},
journal = { Clin Chim Acta},
volume = 316,
pages = {129-135}
},
@article{17,
author = {Shimizu  and Masuta  and Asada  },
year = 2003,
title = { Characterization of molecular forms of probrain natriuretic peptide in human plasma.},
journal = { Clin Chim Acta},
volume = 334,
pages = {233-239}
},
@article{18,
author = {LaPointe },
year = 2005,
title = { Molecular regulation of the brain natriuretic gene.},
journal = { Peptides},
volume = 26,
pages = {944-956}
},
@article{19,
author = {Sumida  and Yasue  and Yoshimura  },
year = 1995,
title = { Comparison of secretion pattern between A- type and B-type natriuretic peptides in patients with old myocardial infarction.},
journal = { J Am Col Car- diol},
volume = 25,
pages = {1105-1110}
},
@article{20,
author = {Nakagawa  and Ogawa  and Itoh  },
year = 1995,
title = { Rapid transcriptional activation and early mRNA turnover of brain natriuretic peptide in cardiocyte hypertrophy.},
journal = { J Clin Invest},
volume = 96,
pages = {1280-1287}
},
@article{21,
author = {Vanderheyden  and Bartunek  and Goethals },
year = 2004,
title = { Brain and other natriuretic peptidesvolume = ,
 molec- ular aspects.},
journal = { Eur J Heart Fail},
volume = 6,
pages = {261-268}
},
@article{22,
author = {Ma and Banas  and de Bold AJ },
year = 2005,
title = { Determinants of inducible brain natriuretic peptide pro- moter activity.},
journal = { Regul Pept},
volume = 128,
pages = {169-176}
},
@article{23,
author = {Temsah  and Nemer },
year = 2005,
title = { GATA factors and transcriptional regulation of cardiac natri- uretic peptide genes.},
journal = { Regul Pept},
volume = 128,
pages = {177-185}
},
@article{24,
author = {Tsuruda  and Boerrigter  and Huntley BK  },
year = 2002,
title = { Brain natriuretic peptide is produced in car- diac fibroblasts and induces matrix metalloproteinases.},
journal = { Circ Res},
volume = 91,
pages = {1127-1134}
},
@article{25,
author = {Nicolau  and Butur  and Laky },
year = 1997,
title = { Electronmicroscopic observations regarding the presence of natriuretic granules in the ventricle of patients with cardiopathies.},
journal = { Rom J Morphol Embry- ol},
volume = 43,
pages = {119-137}
},
@article{26,
author = {Hasegawa  and Fujiwara  and Doyama  },
year = 1993,
title = { Ventricular expression of atrial and brain natri- uretic peptides in dilated cardiomyopathy.An immunohistocytochemical study of the endomy- ocardial biopsy specimens using specific monoclonal antibodies.},
journal = { Am J Pathol},
volume = 142,
pages = {107-116}
},
@article{27,
author = {Luchner  and Stevens and Borgeson DD  },
year = 1998,
title = { Differential atrial and ventricular expression of myocardial BNP during evolution of heart failure.},
journal = { Am J Physiol},
volume = 274,
pages = {H1684-1689},
},
@article{28,
author = {Clerico  and Emdin },
year = 2004,
title = { Diagnostic accuracy and prognostic relevance of the measure- ment of the cardiac natriuretic peptidesvolume = ,
 a review.},
journal = { Clin Chem},
volume = 50,
pages = {33-50}
},
@article{29,
author = {Qi  and Kjekshus  and Hall },
year = 2000,
title = { Differential responses of plasma atrial and brain natriuretic peptides to acute alteration in atrial pressure in pigs.},
journal = { Scand J Clin Lab Invest},
volume = 60,
pages = {55-63}
},
@article{30,
author = {Clerico },
year = 2002,
title = { Pathophysiological and clinical relevance of circulating levels of cardiac natriuretic hormonesvolume = ,
 is their assay merely a marker of cardiac disease?},
journal = { Clin Chem Lab Med},
volume = 40,
pages = {752-760}
},
@article{31,
author = {Kato  and Etoh  and Kitamura  and Eto },
year = 2005,
title = { Atrial and brain natriuretic peptides as markers of car- diac load and volume retention in primary aldosteronism.},
journal = { Am J Hypertens},
volume = 18,
pages = {354-357}
},
@article{32,
author = {Tenhunen  and Szokodi  and Ruskoaho },
year = 2005,
title = { Posttranscriptional activation of BNP gene expres- sion in response to increased left ventricular wall stressvolume = ,
 role of calcineurin and PKC.},
journal = { Regul Pept},
volume = 128,
pages = {187-196}
},
@article{33,
author = {Sakata  and Yamamoto  and Masuyama  },
year = 2001,
title = { Ventricular production of natriuretic peptides and ventricular structural remodelling in hypertensive heart failure.},
journal = { J Hypertens},
volume = 19,
pages = {1905-1909}
},
@article{34,
author = {Takahashi  and Saito  and Kuwahara  },
year = 2003,
title = { Angiotensin II-induced ventricular hypertro- phy and extracellular signal-regulated kinase activation are suppressed in mice overexpress- ing brain natriuretic peptide in circulation.},
journal = { Hypertens Res},
volume = 26,
pages = {847-853}
},
@article{35,
author = {Walther  and Klostermann  and Hering-Walther  },
year = 2003,
title = { Fibrosis rather than blood pressure determines cardiac BNP expression in mice.},
journal = { Regul Pept},
volume = 116,
pages = {95-100}
},
@article{36,
author = {Fredj  and Bescond  and Louault  and Potreau },
year = 2004,
title = { Interactions between cardiac cells enhance cardiomyocyte hypertrophy and increase fibroblast proliferation.},
yjournal = {J Cell Physiol },
},
@article{37,
author = {Chen},
year = 2005,
title = { Atrial natriuretic peptide in hypoxia.},
journal = { Peptides},
volume = 26,
pages = {1068-1077}
},
@article{38,
author = {Hama  and Itoh  and Shirakami },
year = 1995,
title = { Rapid ventricular induction of brain natriuretic pep- tide gene expression in experimental acute myocardial infarction.},
journal = { Circulation},
volume = 92,
pages = {1158-1164}
},
@article{39,
author={Toth M, Vuorinen KH, Vuolteenaho O },
year = 1994,
title = { Hypoxia stimulates release of ANP and BNP from perfused rat ventricular myocardium.},
journal = { Am J Physiol (4 Pt2)},
volume = 266,
pages = {H1572-580},
}
@article{40,
author = {Baxter },
year = 2004,
title = { Natriuretic peptides and myocardial ischaemia.},
journal = { Basic Res Cardiol},
volume = 99,
pages = {90-93}
},
@article{41,
author = {Jernberg  and James  and Lindahl  },
year = 2004,
title = { Natriuretic peptides in unstable coronary artery dis- ease.},
journal = { Eur Heart J},
volume = 25,
pages = {1486-1493}
},
@article{42,
author = {Foote and Pearlman and Siegel and Yeo KT },
year = 2004,
title = { Detection of exercise-induced ischemia by changes in B-type natriuretic peptides.},
journal = { J Am Coll Cardiol},
volume = 44,
pages = {1980-1987}
},
@article{43,
author = {Sabatine and Morrow and de Lemos JA  },
year = 2004,
title = { TIMI Study Group. Acute changes in cir- culating natriuretic peptide levels in relation to myocardial ischemia.},
journal = { J Am Coll Cardiol},
volume = 44,
pages = {1988-1995}
},
@article{44,
author = {Goetze and Gore  and Moller CH  },
year = 2004,
title = { Acute myocardial hypoxia increases BNP gene expression.},
journal = { FASEB J},
volume = 18,
pages = {1928-1930}
},
@article{45,
author = {Wu  and Seino  and Ogura  },
year = 2001,
title = { Plasma natriuretic peptide levels and daily physical activ- ity in patients with pacemaker implantation.},
journal = { Jpn Heart J},
volume = 42,
pages = {471-482}
},
@article{46,
author = {Kinugawa  and Kato  and Ogino  },
year = 2003,
title = { Neurohormonal determinants of peak oxygen uptake in patients with chronic heart failure.},
journal = { Jpn Heart J},
volume = 44,
pages = {725-734}
},
@article{47,
author = {Williams and Ng and O’Brien RJ  },
year = 2004,
title = { Comparison of plasma N-brain natriuretic pep- tide, peak oxygen consumption, and left ventricular ejection fraction for severity of chronic heart failure.},
journal = { Am J Cardiol},
volume = 93,
pages = {1560-1561}
},
@article{48,
author = {Kuroski de Bold},
year = 1999,
title = { Estrogen, natriuretic peptides and the renin-angiotensin system.},
journal = { Cardiovasc Res},
volume = 41,
pages = {524-531}
},
@article{49,
author = {Maffei  and Del Ry  and Prontera  and Clerico },
year = 2001,
title = { Increase in circulating levels of cardiac natri- uretic peptides after hormone replacement therapy in postmenopausal women.},
journal = { Clin Sci},
volume = 101,
pages = {447-453}
},
@article{50,
author = {Tanaka  and Kanda  and Takahashi  },
year = 2004,
title = { Interleukin-6-induced reciprocal expression of SERCA and natriuretic peptides mRNA in cultured rat ventricular myocytes.},
journal = { J Int Med Res},
volume = 32,
pages = {57-61}
},
@article{51,
author = {Witthaut  and Busch  and Fraunberger  },
year = 2003,
title = { Plasma atrial natriuretic peptide and brain natriuretic peptide are increased in septic shockvolume = ,
 impact of interleukin-6 and sepsis-associ- ated left ventricular dysfunction.},
journal = { Intensive Care Med},
volume = 29,
pages = {1696-1702}
},
@article{52,
author = {Hiraoka  and Kawashima  and Takahashi  },
year = 2003,
journal = {title = { PI 3-kinase-Akt-p70 S6 kinase in hyper- trophic responses to leukemia inhibitory factor in cardiac myocytes.}},
journal = { Kobe J Med Sci},
volume = 49,
pages = {25-37}
},
@article{53,
author = {Deten  and Volz and Briest  and Zimmer HG },
year = 2002,
title = { Cardiac cytokine expression is upregulated in the acute phase after myocardial infarction. Experimental studies in rats.},
journal = { Cardiovasc Res},
volume = 55,
pages = {329-340}
},
@article{54,
author = {Hamanaka  and Saito  and Nishikimi  },
year = 2000,
title = { Effects of cardiotrophin-1 on hemodynamics and endocrine function of the heart.},
journal = { Am J Physiol Heart Circ Physiol},
volume = 279,
pages = {H388-396},
}
@article{55,
author = {Takahashi  and Saito  and Kuwahara  },
year = 2003,
title = { Angiotensin II-induced ventricular hypertrophy and extracellular signal-regulated kinase acivation are suppressed in mice overexpressing brain natriuretic peptide in circulation.},
journal = { Hypertens Res},
volume = 26,
pages = {847-853}
},
@article{56,
author = {Ma and Ogawa  and de Bold AJ },
year = 2004,
title = { Selective upregulation of cardiac brain natriuretic pep- tide at the transcriptional and translational levels by pro-inflammatory cytokines and by conditioned medium derived from mixed lymphocyte reactions via p38 MAP kinase.},
journal = { J Mol Cell Cardiol},
volume = 36,
pages = {505-513}
},
@article{57,
author = {Woodard and Rosado and Brown },
year = 2002,
title = { Expression and control of C-type natriuretic peptide in rat vascular smooth muscle cells.},
journal = { Am J Physiol Reg Int Comp Physiol},
volume = 282,
pages = {R156-165},
}
@article{58,
author = {Harada  and Hakagawa  and Yoshimura  },
year = 1999,
title = { Effect of interleukin-1β on cardiac hyper- trophy and production of natriuretic peptides in rat cardiocyte culture.},
journal = { J Mol Cell Cardiol},
volume = 31,
pages = {1997-2006}
},
@article{59,
author = {He  and LaPointe MC },
year =1999,
title = { Interleukin-1b regulation of the human brain natriuretic peptide promoter involves Ras-, Rac-, and p38 kinase-dependent pathways in cardiac myocytes.},
journal = { Hyper- tension},
volume = {33(partII)},
pages = {283-289},
},
@article{60,
author = {Kinugawa  and Kato  and Ogino  },
year = 2003,
title = { Interleukin-6 and tumor necrosis factor-α levels increase in response to maximal exercise in patients with chronic heart failure.},
journal = { Int J Cardiol},
volume = 87,
pages = {83-90}
},
@article{61,
author = {Witthaut  and Busch  and Fraunberger  },
year = 2003,
title = { Plasma atrial natriuretic peptide and brain natriuretic peptide are increased in septic shockvolume = ,
 impact of interleukin-6 and sepsis-associ- ated left ventricular dysfunction.},
journal = { Intensive Care Med},
volume = 29,
pages = {1696-1702}
},
@article{62,
author = {Glembotski and Irons and Krown KA  },
year = 1993,
title = { Myocardial a-thrombin receptor activation induces hypertrophy and increases atrial natriuretic factor gene expression.},
journal = { J Biol Chem},
volume = 268,
pages = {20646-20652}
},
@article{63,
author = {Knowlton and Baraccini  and Ross RS  },
year = 1991,
title = { Co-regulation of the atrial natriuretic factor and cardiac myosin light chain-2 genes during α-adrenergic stimulation of neonatal rat ven- tricular cells.},
journal = { J Biol Chem},
volume = 266,
pages = {7759-7768}
},
@article{64,
author = {Sprenkle and Murray and Glemboski CC },
year = 1995,
title = { Involvement of multiple cis elements in basal- and α-adrenergic agonist-inducible atrial natriuretic factor transcription.},
journal = { Circul Res},
volume = 77,
pages = {1060-1069}
},
@article{65,
author = {Thuerauf and Arnold and Zechner  },
year = 1998,
title = { p38 Mitogen-activated protein kinase medi- ates the transcriptional induction of the atrial natriuretic factor gene through a serum response element. A potential role for the transcription factor ATF6.},
journal = { J Biol Chem},
volume = 273,
pages = {20636-20643}
},
@article{66,
author = {King and Winer  and Phillips DM  },
year = 1998,
title = { Phenylephrine, endothelin, prostaglandin F2 alpha and leukemia inhibitory factor induce different cardiac hypertrophy phenotypes in vitro.},
journal = { Endocrine},
volume = 9,
pages = {45-55}
},
@article{67,
author = {Ander and Duggirala and Drumm and Roth DM },
year = 2004,
title = { Natriuretic peptide gene expression after beta-adrenergic stimulation in adult mouse cardiac myocytes.},
journal = { DNA Cell Biol},
volume = 23,
pages = {586-591}
},
@article{68,
author = {He  and Wu  and LaPointe MC },
year = 2000,
title = { Isoproterenol and cAMP regulation of the human brain natri- uretic peptide gene involves Src and Rac.},
journal = { Am J Physiol Endocrinol Metab},
volume = 278,
pages = {E1115-1123},
}
@article{69,
author = {Nakaoka  and Kitahara  and Amano  },
year = 1987,
title = { Effect of beta-adrenergic receptor blockade on atrial natriuretic peptide in essential hypertension.},
journal = { Hypertension},
volume = 10,
pages = {221-225}
},
@article{70,
author = {Hama  and Nagata  and Takenaka  },
year = 1995,
title = { Atrial natriuretic peptide and antihypertensive action due to beta-blockade in essential hypertensive patients.},
journal = { Angiology},
volume = 46,
pages = {511-516}
},
@article{71,
author = {van den Meiracker and Lameris and van de Ven and Boomsma },
year = 2003,
title = { Increased plasma concentration of natriuretic peptides by selective beta1-blocker bisoprolol.},
journal = { J Cardiovasc Phar- macol},
volume = 42,
pages = {462-468}
},
@article{72,
author = {Yoshizawa  and Yoshikawa  and Nakamura  },
year = 2004,
title = { Brain natriuretic peptide response is het- erogeneous during beta-blocker therapy for congestive heart failure.},
journal = { J Card Fail},
volume = 10,
pages = {310-315}
},
@article{73,
author = {Richards and Lainchbury and Nicholls MG  },
year = 2002,
title = { BNP in hormone-guided treatment of heart failure.},
journal = { Trends Endocrinol Metab},
volume = 13,
pages = {151-155}
},
@article{74,
author = {Takeda  and Fukutomi  and Suzuki  },
year = 2004,
title = { Effects of carvedilol on plasma B-type natriuret- ic peptide concentration and symptoms in patients with heart failure and preserved ejection fraction.},
journal = { Am J Cardiol},
volume = 94,
pages = {448-453}
},
@article{75,
author = {Tokudome  and Horio  and Yoshihara  },
year = 2004,
title = { Direct effects of high glucose and insulin on pro- tein synthesis in cultured cardiac myocytes and DNA and collagen synthesis in cardiac fibrob- lasts.},
journal = { Metabolism},
volume = 53,
pages = {710-715}
},
@article{76,
author = {Hongo  and Ryoke  and Schoenfeld  },
year = 2000,
title = { Effects of growth hormone on cardiac dysfunction and gene expression in genetic murine dilated cardiomyopathy.},
journal = { Basic Res Cardiol},
volume = 95,
pages = {431-441}
},
@article{77,
author = {de Lemos and McGuire and Drazner MH },
year = 2003,
title = { B-type natriuretic peptide in cardiovascular disease.},
journal = { Lancet},
volume = 362,
pages = {316-322}
},
@article{78,
author = {Ruskoaho },
year = 2003,
title = { Cardiac hormones as diagnostic tools in heart failure.},
journal = { Endocr Rev},
volume = 24,
pages = {341-356}
},
@article{79,
author = {Zhang  and Moalem  and Tse  },
year = 2005,
title = { Effects of natriuretic peptides on ventricular myocyte contraction and role of cyclic GMP signaling.},
journal = { Eur J Pharmacol},
volume = 510,
pages = {209-215}
},
@article{80,
author = {Nagaya  and Nishikimi  and Goto  },
year = 1998,
title = { Plasma brain natriuretic peptide is a biochemical marker for the prediction of progressive ventricular remodeling after acute myocardial infarc- tion.},
journal = { Am Heart J},
volume = 135,
pages = {21-28}
},
@article{81,
author = {Hayashi  and Tsutamoto  and Wada  },
year = 2001,
title = { Intravenous atrial natriuretic peptide prevents left ventricular remodeling in patients with first anterior acute myocardial infarction.},
journal = { J Am Coll Cardiol},
volume = 37,
pages = {1820-1826}
},
@article{82,
author = {Magga  and Puhakka  and Hietakorpi  },
year = 2004,
title = { Atrial natriuretic peptide, B-type natriuretic pep- tide, and serum collagen markers after acute myocardial infarction.},
journal = { J Appl Physiol},
volume = 96,
pages = {1306-1311}
},
@article{83,
author = {Hardt and Sadoshima },
year = 2004,
title = { Negative regulators of cardiac hypertrophy.},
journal = { Cardiovasc Res},
volume = 63,
pages = {500-509}
},
@article{84,
author = {Chen and Burnett}
year =1998,
title = { C-type natriuretic peptide the endothelial component of the natriuretic peptide system.},
journal = { J Cardiovasc Pharmacol},
volume = {32 (Suppl. 3)},
pages = {S22-28},
}
@article{85,
author = {Morishige  and Shimokawa  and Yamawaki  },
year = 2000,
title = { Local adenovirus-mediated transfer of C-type natriuretic peptide suppresses vascular remodeling in porcine coronary arteries in vivo.},
journal = { J Am Coll Cardiol},
volume = 35,
pages = {1040-1047}
},
@article{86,
author = {Takeuchi  and Ohmori  and Kondo  },
year = 2003,
title = { Potentiation of C-type natriuretic peptide with ultrasound and microbubbles to prevent neointimal formation after vascular injury in rats.},
journal = { Cardiovasc Res},
volume = 58,
pages = {231-238}
},
@article{87,
author = {Yasuda  and Kanna  and Sakuragi  },
year = 2002,
title = { Local delivery of single low-dose of C-type natri- uretic peptide, an endogenous vascular modulator, inhibits neointimal hyperplasia in a bal- loon-injured rabbit iliac artery model.},
journal = { J Cardiovasc Pharmacol},
volume = 39,
pages = {784-788}
},
@article{88,
author = {Qian and Haruno  and Asada  },
year = 2002,
title = { Local expression of C-type natriuretic peptide sup- presses inflammation, eliminates shear stress-induced thrombosis, and prevents neointima formation through enhanced nitric oxide production in rabbit injured carotid arteries.},
journal = { Circ Res},
volume = 91,
pages = {1063-1069}
},
@article{89,
author = {Nakanishi  and Saito  and Kishimoto  },
year = 2005,
title = { Role of natriuretic peptide receptor guanylyl cyclase-A in myocardial infarction evaluated using genetically engineered mice.},
journal = { Hyperten- sion},
volume = 46,
pages = {1-7}
},
@article{90,
author = {Ventura and Gomes and Reis WL  },
year = 2002,
title = { Nitrergic modulation of vasopressin, oxytocin and atrial natriuretic peptide secretion in response to sodium intake and hypertonic blood volume expansion.},
journal = { Braz J Med Biol Res},
volume = 35,
pages = {1101-1109}
},
@article{91,
author = {Vatta and Presas  and Bianciotti LG  },
year = 1996,
title = { B and C types natriuretic peptides modulate norepinephrine uptake and release in the rat hypothalamus.},
journal = { Regul Pept},
volume = 16,
pages = {175-184}
},
@article{92,
author = {Vatta and Presas  and Bianciotti LG  },
year = 1997,
title = { B and C types natriuretic peptides modify nor- epinephrine uptake and release in the rat adrenal medulla.},
journal = { Peptides},
volume = 18,
pages = {1483-1489}
},
@article{93,
author = {Fermepin  and Vatta and Presas  },
year = 2000,
title = { B-type and C-type natriuretic peptides modify norepinephrine uptake in discrete encephalic nuclei of the rat.},
journal = { Cell Mol Neurobiol},
volume = 20,
pages = {763-771}
},
@article{94,
author = {Brunner-La Rocca and Kaye DM and Woods RL  },
year = 2001,
title = { Effects of intravenous brain natriuretic peptide on regional sympathetic activity in patients with chronic heart failure as compared with healthy control subjects.},
journal = { J Am Coll Cardiol},
volume = 37,
pages = {1221-1227}
},
@article{95,
author = {Tsukagoshi  and Shimizu  and Kawata  },
year = 2001,
title = { Atrial natriuretic peptide inhibits tumor necrosis factor-alpha production by interferon-gamma-activated macrophages via suppres- sion of p38 mitogen-activated protein kinase and nuclear factor-kappa B activation.},
journal = { Reg Pept},
volume = 99,
pages = {21-29}
},
@article{96,
author = {Kiemer and Weber and Furst  },
year = 2002,
title = { Inhibition of p38 MAPK activation via induction of MKP-1 atrial natriuretic peptide reduces TNF-a-induced actin polymerization and endothe- lial permeability.},
journal = { Circ Res},
volume = 90,
pages = {874-881}
},
@article{97,
author = {Weber and Blumenthal and Hartung  },
year = 2003,
title = { ANP inhibits TNF-alpha-induced endothe- lial MCP-1 expression - involvement of p38 MAPK and MKP-1.},
journal = { J Leukoc Biol},
volume = 74,
pages = {932-941}
},
@article{98,
author = {Kapoun and Liang  and O’Young  },
year = 2004,
title = { B-type natriuretic peptide exerts broad functional opposition to transforming growth factor-beta in primary human cardiac fibroblastsvolume = ,
 fibro- sis, myofibroblasts conversion, proliferation, and inflammation.},
journal = { Circ Res},
volume = 94,
pages = {453-461}
},
@article{99,
author = {Vollmar },
year = 2005,
title = { The role of atrial natriuretic peptide in the immune system.},
journal = { Peptides},
volume = 26,
pages = {1086-1094}
},
@article{100,
author = {Vesely },
year = 2003,
title = { Natriuretic peptides and acute renal failure.},
journal = { Am J Physiol Renal Physiol},
volume = 285,
pages = {F167-177},
}
@article{101,
author = {Imura  and Nakao  and Itoh },
year = 1992,
title = { The natriuretic peptide system in the brainvolume = ,
 implications in the central control of cardiovascular and neuroendocrine functions.},
journal = { Front Neuroendocrinol},
volume = 13,
pages = {217-249}
},
@article{102,
author = {Langub and Watson RE and Herman JP },
year = 1995,
title = { Distribution of natriuretic peptide precur- sor mRNAs in the rat brain.},
journal = { J Comp Neurol},
volume = 356,
pages = {183-199}
},
@article{103,
author = {Perras  and Schultes  and Behn  },
year = 2004,
title = { Intranasal atrial natriuretic peptide acts as central nervous inhibitor of the hypothalamo-pituitary-adrenal stress system in humans.},
journal = { J Clin Endocrinol Metab},
volume = 89,
pages = {4642-4648}
},
@article{104,
author = {Vollmar and Wolf  and Schulz },
year = 1995,
title = {Co-expression of the natriuretic peptides (ANP, BNP, CNP) and their receptors in normal and acutely involuted rat thymus.},
journal = { J Neuroimmunol},
volume = 57,
pages = {117-127}
},
@article{105,
author = {Vollmar and Schultz },
year = 1995,
title = { Expression and differential regulation of natriuretic peptides in mouse macrophages.},
journal = { J Clin Invest},
volume = 95,
pages = {2442-2450}
},
@article{106,
author = {Vollmar and Kiemer AK },
year = 2001,
title = { Immunomodulatory and cytoprotective function of atrial natriuretic peptide.},
journal = { Crit Rev Immunol},
volume = 21,
pages = {473-485}
},
@article{107,
author = {Waschek },
year = 2004,
title = { Developmental actions of natriuretic peptides in the brain and skeleton.},
journal = { Cell Mol Life Sci},
volume = 61,
pages = {2332-2342}
},
@article{108,
journal = {author = {Kiefer  and Wiedemann year =},
2004,
title = { Neuroendocrine pathways of addictive behaviour.},
journal = { Addict Biol},
9},
year = 205,
volume = 12,
},
@article{109,
author = {Bex  and Corbin },
year = 1985,
title = { Atrial natriuretic factor stimulates testosterone production by mouse interstitial cells.},
journal = { Eur J Pharmacol},
volume = 115,
pages = {125-126}
},
@article{110,
author = {Foresta  and Mioni  and Careto },
year = 1987,
title = { Specific binding and steroidogenic effects of atrial natri- uretic factor in Leydig cells of rats.},
journal = { Arch Androl},
volume = 19,
pages = {253-259}
},
@article{111,
author = {El-Gehani  and Tena-Sempere  and Ruskoaho  and Huhtaniemi },
year = 2000,
title = { Natriuretic peptides stim- ulate steroidogenesis in the fetal rat testis.},
journal = { Biol Reprod},
volume = 65,
pages = {595-600}
},
@article{112,
author = {Pandey },
year = 2005,
title = { Biology of natriuretic peptides and their receptors.},
journal = { Peptides},
volume = 26,
pages = {901-932}
},
@article{113,
author = {Gutkowska  and Tremblay  and Antakly  },
year = 1993,
title = { The atrial natriuretic peptide system in rat ovaries.},
journal = { Endocrinology},
volume = 132,
pages = {693-700}
},
@article{114,
author = {Vollmer and Mytzka  and Arendt and Schulz },
year = 1988,
title = { Atrial natriuretic peptide in bovine cor- pus luteum.},
journal = { Endocrinology},
volume = 123,
pages = {762-767}
},
@article{115,
author = {Ivanova and Gregoraszczuk and Augustowska  },
year = 2003,
title = { Localization of atrial natriuret- ic peptide in pig granulosa cells isolated from ovarian follicles of various size.},
journal = { Reprod Biol},
volume = 3,
pages = {173-181}
},
@article{116,
author = {Chatterjee and Hawksworthy and McLay JS },
year = 1999,
title = { Cytokine-stimulated nitric oxide pro- duction in the human renal proximal tubule and its modulation by natriuretic peptidesvolume = ,
 a novel immunomodulatory mechanism?},
journal = { Exp Nephrol},
volume = 7,
pages = {438-448}
},
@article{117,
author = {Ruskoaho  and Leskinen  and Magga  },
year = 1997,
title = { Mechanisms of mechanical load-induced atri- al natriuretic peptide secretionvolume = ,
 role of endothelin, nitric oxide, and angiotensin II.},
journal = { J Mol Med},
volume = 75,
pages = {876-885}
},
@article{118,
author = {Gyurko  and Kuhlencordt  and Fishman and Huang OL },
year = 2000,
title = { Modulation of mouse cardiac func- tion in vivo by eNOS and ANP.},
journal = { Am J Physiol},
volume = 278,
pages = {H971-981},
}
@article{119,
author = {Tanaka  and Nagai  and Date  },
year = 2005,
title = { Effects of bradykinin on cardiovascular remodeling in renovascular hypertensive rats.},
journal = { Hypertens Res},
volume = 27,
pages = {865-875}
},
@article{120,
author = {Booz },
year = 2005,
title = { Putting the brakes on cardiac hypertrophyvolume = ,
 exploiting the NO-cGMP count- er-regulatory system.},
journal = { Hypertension},
volume = 45,
pages = {341-346}
},
@article{121,
author = {Kruger  and Graf  and Merx MW  },
year = 2004,
title = { Brain natriuretic peptide predicts right heart failure in patients with acute pulmonary embolism.},
journal = { Am Heart J},
volume = 147,
pages = {60-65}
},
@article{122,
author = {Pruszczyk  and Kostrubiec  and Bochowicz  },
year = 2003,
title = { N-terminal pro-brain natriuretic pep- tide in patients with acute pulmonary embolism.},
journal = { Eur Respir J},
volume = 22,
pages = {649-653}
},
@article{123,
author = {Kucher  and Printzen  and Goldhaber SZ },
year = 2003,
title = { Prognostic role of brain natriuretic peptide in acute pulmonary embolism.},
journal = { Circulation},
volume = 107,
pages = {2545-2547}
},
@article{124,
author = {ten Wolde  and Tulevski and Mulder JW  },
year = 2003,
title = { Brain natriuretic peptide as a predictor of adverse outcome in patients with pulmonary embolism.},
journal = { Circulation},
volume = 107,
pages = {2082-2084}
},
@article{125,
author = {Ando  and Ogawa  and Yamaki  },
year = 1996,
title = { Plasma concentrations of atrial, brain, and C-type natriuretic peptides and endothelin-1 in patients with chronic respiratory diseases.},
journal = { Chest},
volume = 110,
pages = {462-468}
},
@article{126,
author = {Maeder  and Ammann  and Rickli  and Diethelm },
year = 2003,
title = { Elevation of B-type natriuretic peptide levels in acute respiratory distress syndrome.},
journal = { Swiss Med Wkly},
volume = 133,
pages = {515-518}
},
@article{127,
author = {Nagaya  and Nishikimi  and Uematsu  },
year = 2000,
title = { Plasma brain natriuretic peptide as a prog- nostic indicator in patients with primary pulmonary hypertension.},
journal = { Circulation},
volume = 102,
pages = {865-870}
},
@article{128,
author = {Leuchte and Neurohr  and Baumgartner  },
year = 2004,
title = { Brain natriuretic peptide and exercise capacity in lung fibrosis and pulmonary hypertension.},
journal = {Am J Respir Crit Care Med},
volume = 170,
pages = {360-365}
},
@article{129,
author = {Leuchte and Holzapfel  and Baumgartner RA  },
year = 2004,
title = { Clinical significance of brain natri- uretic peptide in primary pulmonary hypertension.},
journal = { J Am Coll Cardiol},
volume = 43,
pages = {764-770}
},
@article{130,
author = {Kohno  and Horio  and Yasunari  },
year = 1993,
title = { Stimulation of brain natriuretic peptide release from heart by thyroid hormone.},
journal = { Metabolism},
volume = 42,
pages = {1059-1064}
},
@article{131,
author = {Bernstein  and Midtbo  and Urdal  },
year = 1997,
title = { Serum N-terminal pro-atrial natriuretic factor 1-98 before and during thyroxine replacement therapy in severe hypothyroidism.},
journal = { Thyroid},
volume = 7,
pages = {415-419}
},
@article{132,
author = {Parlapiano  and Campana  and Alessandri  },
year = 1998,
title = { Plasma atrial natriuretic hormone in hyperthyroidism.},
journal = { Endocr Res},
volume = 24,
pages = {105-112}
},
@article{133,
author = {Schultz  and Faber  and Kistorp },
year = 2004,
 N-terminal-pro-B-type natriuretic peptide },
title = {(NT- pro-BNP) in different thyroid function states.},
journal = { Clin Endocrinol},
volume = 60,
pages = {54-59}
},
@article{134,
author = {Jensen and Carstens  and Ivarsen  and Pedersen EB },
year = 1997,
title = { A new, fast and reliable radioiimunoas- say of brain natriuretic peptide in human plasma. Reference values in healthy subjects and in patients with different diseases.},
journal = { Scand J Clin Lab Invest},
volume = 57,
pages = {529-540}
},
@article{135,
author = {Sugawara  and Nakao  and Itoh },
year = 1988,
title = { Cosecretion of peptides derived from gamma- human atrial natriuretic polypeptide in normal volunteers and patients with essential hyper- tension and adrenal disorders.},
journal = { J Hypertens},
volume = {6(Suppl. 4)},
pages = {S327-329},
}
@article{136,
author = {Fujio  and Ohashi  and Nawata  },
year = 1989,
title = { Cardiovascular, renal and endocrine effects of a- human atrial natriuretic peptide in patients with Cushing’s syndrome and primary aldos- teronism.},
journal = { J Hypertens},
volume = 7,
pages = {653-659}
},
@article{137,
author = {Opocher  and Rocco  and Carpene  },
year = 1990,
title = { Atrial natriuretic peptide in Cushing’s disease.},
journal = { J Endocrinol Invest},
volume = 13,
pages = {133-137}
},
@article{138,
author = {Lapinski  and Stepniakowski  and Januszewicz },
year = 1991,
title = { Plasma atrial natriuretic peptide concentration in patients with primary aldosteronism.},
journal = { J Hypertens},
volume = { 9 (Suppl. 6)},
pages = {S260-261},
}
@article{139,
author = {Cappuccio and Markandu and Buckley MG  },
year = 1989,
title = { Raised plasma levels of atrial natriuretic peptides in Addison’s disease.},
journal = { J Endocrinol Invest},
volume = 12,
pages = {205-207}
},
@article{140,
author = {Straub and Hall  and Kramer BK  },
year = 1996,
title = { Atrial natriuretic factor and digoxin-like immunore- active factor in diabetic patientsvolume = ,
 their interrelation and the influence of the autonomic nerv- ous system.},
journal = { J Clin Endocrinol Metab},
volume = 81,
pages = {3385-3389}
},
@article{141,
author = {Bhalla and Chiang  and Epshteyn VA  },
year = 2004,
journal = {title = { Prognostic role of B-type natriuretic peptide levels in patients with type},
2 diabetes mellitus.},
journal = { J Am Coll Cardiol},
volume = 44,
pages = {1047-1052}
},
@article{142,
author = {La Villa  and Riccardi  and Lazzeri  },
year = 1995,
title = { Blunted natriuretic response to low-dose brain natriuretic peptide infusion in non azotemic cirrhotic patients with ascites and avid sodium retention.},
journal = { Hepatology},
volume = 22,
pages = {1745-1750}
},
@article{143,
author = {Salo  and Jimenez  and Kuhn  },
year = 1996,
title = { Urinary excretion of urodilatin in patients with cir- rhosis.},
journal = { Hepatology},
volume = 24,
pages = {1428-1432}
},
@article{144,
author = {Henriksen and Gotze and Fuglsang },
year = 2003,
title = {Increased circulating pro-brain natriuretic pep- tide (proBNP) and brain natriuretic peptide (BNP) in patients with cirrhosisvolume = ,
 relation to car- diovascular dysfunction and severity of disease.},
journal = { Gut},
volume = 52,
pages = {1511-1517}
},
@article{145,
author = {McCullough and Kuncheria  and Mathur VS },
year = 2004,
title = { Diagnostic and therapeutic utility of B-type natriuretic peptide in patients with renal insufficiency and decompensated heart failure.},
journal = { Rev Cardiovasc Med},
volume = 5,
pages = {16-25}
},
@article{146,
author = {Castillo and Zagler  and Carrillo-Jimenez  and Hennekens CH },
year = 2004,
title = { Brain natriuretic peptidevolume = ,
 a potential marker for mortality in septic shock.},
journal = { Int J Infect Dis},
volume = 8,
pages = {271-274}
},
@article{147,
author = {Witthaut  and Busch  and Fraunberger  },
year = 2003,
title = { Plasma atrial natriuretic peptide and brain natriuretic peptide are increased in septic shockvolume = ,
 impact of interleukin-6 and sepsis-associ- ated left ventricular dysfunction.},
journal = { Intensive Care Med},
volume = 29,
pages = {1696-1702}
},
@article{148,
author = {Takemura  and Takatsu  and Doyama  },
year = 1998,
title = { Expression of atrial and brain natriuretic peptides and their genes in hearts of patients with cardiac amyloidosis.},
journal = { J Am Coll Cardiol},
volume = 31,
pages = {254-265}
},
@article{149,
author = {Palladini  and Campana  and Klersy  },
year = 2003,
title = { Serum N-terminal pro-brain natriuretic pep- tide is a sensitive marker of myocardial dysfunction in AL amyloidosis.},
journal = { Circulation},
volume = 107,
pages = {2440-2445}
},
@article{150,
author = {McGirt and Blessing  and Nimjee SM  },
year = 2004,
title = { Correlation of serum brain natriuretic pep- tide with hyponatremia and delayed ischemic neurological deficits after subarachnoid hem- orrhage.},
journal = { Neurosurgery},
volume = 54,
pages = {1369-1373}
},
@article{151,
author = {Fukui  and Nawashiro  and Otani  },
year = 2003,
title = { Focal brain edema and natriuretic peptides in patients with subarachnoid hemorrhage.},
journal = { Acta Neurochir Suppl},
volume = 86,
pages = {489-491}
},
@article{152,
author = {Kurokawa  and Uede  and Ishiguro  },
year = 1996,
title = { Pathogenesis of hyponatremia following sub- arachnoid hemorrhage due to ruptured cerebral aneurysm.},
journal = { Surg Neurol},
volume = 46,
pages = {500-507}
},
@article{153,
author = {Fukui  and Katoh  and Tsuzuki  },
year = 2004,
title = { Focal brain edema and natriuretic peptides in patients with subarachnoid hemorrhage.},
journal = { J Clin Neurosci},
volume = 11,
pages = {507-511}
},
@article{154,
author = {Mimura  and Kanauchi  and Ogawa  and Oohara },
year = 1996,
title = { Resistance to natriuresis in patients with peritonitis carcinomatosa.},
journal = { Horm Metab Res},
volume = 28,
pages = {183-186}
},
@article{155,
author = {Marchioli and Graziano SL },
year = 1997,
title = { Paraneoplastic syndromes associated with small cell lung cancer.},
journal = { Chest Surg Clin N Am},
volume = 7,
pages = {65-80}
},
@article{156,
author = {Johnson and Damodaran  and Rushin  },
year = 1997,
title = { Ectopic production and processing of atri- al natriuretic peptide in a small cell.},
journal = { Cancer},
volume = 79,
pages = {35-44}
},
@article{157,
author = {Hayakawa  and Komada  and Hirayama  },
year = 2001,
title = { Plasma levels of natriuretic peptides in relation to doxorubicin-induced cardiotoxicity and cardiac function in children with cancer.},
journal = { Med Pediatr Oncol},
volume = 37,
pages = {4-9}
},
@article{158,
author = {Suzuki  and Hayashi  and Yamazaki  },
year = 1998,
title = { Elevated B-type natriuretic peptide levels after anthracycline administration.},
journal = { Am Heart J},
volume = 136,
pages = {362-363}
},
@article{159,
author = {Nousiainen  and Jantunen  and Vanninen  },
year = 1998,
title = { Acute neurohumoral and cardiovascular effects of idarubicin in leukemia patients.},
journal = { Eur J Haematol},
volume = 61,
pages = {347-353}
},
@article{160,
author = {Nousiainen  and Jantunen  and Vanninen  },
year = 1999,
title = { Natriuretic peptides as markers of cardiotox- icity during doxorubicin treatment for non-Hodgkin’s lymphoma.},
journal = { Eur J Haematol},
volume = 62,
pages = {135-141}
},
@article{161,
author = {Okumura  and Iuchi  and Yoshida  },
year = 2000,
title = { Brain natriuretic peptide is a predictor of anthra- cycline-induced cardiotoxicity.},
journal = { Acta Haematol},
volume = 104,
pages = {158-163}
},
@article{162,
author = {Mukoyama  and Nakao  and Obata  },
year = 1991,
title = { Augmented secretion of brain natriuretic pep- tide in acute myocardial infarction.},
journal = { Biochem Biophys Res Commun volume = 15},
,
pages = {431-436}
},
@article{163,
author = {Morita  and Yasue  and Yoshimura  },
year = 1993,
title = { Increased plasma levels of brain natriuretic pep- tide in patients with acute myocardial infarction.},
journal = { Circulation},
volume = 88,
pages = {82-91}
},
@article{164,
author = {Anand-Srivastava and Trachte GJ },
year = 1993,
title = { Atrial natriuretic factor receptors and signal trans- duction mechanisms.},
journal = { Pharmacol Rev},
volume = 45,
pages = {455-497}
},
@article{165,
author = {Kuhn },
year = 2004,
title = { Molecular physiology of natriuretic peptide signalling.},
journal = { Basic Res Cardiol},
volume = 99,
pages = {76-82}
},
@article{166,
author = {Lohmann and Vaandrager and Smolenski  },
year = 1997,
title = { Distinct and specific functions of cGMP-dependent protein kinases.},
journal = { Trend Biochem Sci},
volume = 22,
pages = {307-312}
},
@article{167,
author = {Pfeifer  and Ruth  and Dostmann  },
year = 1999,
title = { Structure and function of cGMP-dependent pro- tein kinases.},
journal = { Rev Physiol Biochem Pharmacol},
volume = 135,
pages = {105-149}
},
@article{168,
author = {Ahluwalia  and MacAllister and Hobbs AJ },
year = 2004,
title = { Vascular actions of natriuretic peptides. Cyclic GMP-dependent and -independent mechanisms.},
journal = { Basic Res Cardiol},
volume = 99,
pages = {83-89}
},
@article{169,
author = {Potter and Hunter },
year = 1998,
title = { Identification and characterization of the major phosphoryla- tion sites of the B-type natriuretic peptide receptor.},
journal = { J Biol Chem},
volume = 273,
pages = {15533-15539}
},
@article{170,
author = {Potter and Hunter },
year = 1998,
title = { Phosphorylation of the kinase homology domain is essential for activation of the A-type natriuretic peptide receptor.},
journal = { Mol Cell Biol},
volume = 18,
pages = {2164-2172}
},
@article{171,
author = {Potter },
year = 1998,
title = { Phosphorylation-dependent regulation of the guanylyl cyclase-linked natri- uretic peptide receptor Bvolume = ,
 dephosphorylation is a mechanism of desensitization.},
journal = { Biochem- istry},
volume = 37,
pages = {2422-2429}
},
@article{172,
author = {Fan  and Bryan and Antos LK },
year = 2005,
title = {Down-regulation does not mediate natriuretic pep- tide-dependent desensitization of natriuretic peptide receptor (NPR)-A or NPR-B. Guanylyl cyclase-linked natriuretic peptide receptors do not internalize.},
journal = { Mol Pharmacol},
volume = 67,
pages = {1-10}
},
@article{173,
author = {Chinkers  and Wilson EM },
year = 1992,
title = { Ligand-independent oligomerization of natriuretic peptide receptors. Identification of heteromeric receptors and a dominant negative mutant.},
journal = { J Biol Chem},
volume = 267,
pages = {18589-18597}
},
@article{174,
author = {Huo  and Abe  and Risono KS },
year = 1999,
title = { Ligand binding-dependent limited proteolysis of the atrial natriuretic peptide receptor juxtamembrane hinge structure essential for transmembrane signal transduction.},
journal = { Biochemistry},
volume = 38,
pages = {16941-16951}
},
@article{175,
author = {Labrecque  and McNiccol  and Marquis  and De Lean },
year = 1999,
title = { A disulfide-bridged mutant of natri- uretic peptide receptor-A displays constitutive activity. Role of receptor dimerization in sig- nal transduction.},
journal = { J Biol Chem},
volume = 274,
pages = {9752-9759}
},
@article{176,
author = {Labrecque  and Deschenes  and McNiccol  and De Lean },
year = 2001,
title = { Agonistic induction of a covalent dimer in a mutant of natriuretic peptide receptor-A documents a juxtamembrane interaction that accompanies receptor activation.},
journal = { J Biol Chem},
volume = 276,
pages = {8064-8072}
},
@article{177,
author = {Ogawa  and Qiu  and Ogata and Risono KS },
year = 2004,
title = { Crystal structure of hormone-bound atrial natriuretic peptide receptor extracellular domainvolume = ,
 rotation mechanism for transmembrane signal transduction.},
journal = { J Biol Chem},
volume = 279,
pages = {28625-28631}
},
@article{178,
author = {Duda  and Sharma RK },
year = 1990,
title = { Regulation of guanylate cyclase activity by atrial natriuretic fac- tor and protein kinase C.},
journal = { Mol Cell Biochem},
volume = 93,
pages = {179-184}
},
@article{179,
author = {Potter and Garber DL },
year = 1992,
title = { Dephosphorylation of the guanyl cyclase-A receptor causes desensitization.},
journal = { J Biol Chem},
volume = 267,
pages = {14531-14534}
},
@article{180,
author = {Potter and Garber DL },
year = 1994,
title = { Protein kinase C-dependent desensitization of the atrial natri- uretic peptide receptor is mediated by dephosphorylation.},
journal = { J Biol Chem},
volume = 269,
pages = {14636-14642}
},
@article{181,
author = {Foster and Garber DL },
year = 1998,
title = { Dual role for adenine nucleotide in the regulation of the atri- al natriuretic factor receptor subtypes by angiotensin II.},
journal = { J Biol Chem},
volume = 273,
pages = {16311-16318}
},
@article{182,
author = {Joubert  and Labrecque  and De Lean },
year = 2001,
title = { Reduced activity of the NPR-A kinase triggers dephos- phorylation and homologous desensitization of the receptor.},
journal = { Biochemistry},
volume = 40,
pages = {11096-11105}
},
@article{183,
author = {Rathinavelu  and Isom GE },
year = 1991,
title = { Differential internalization and processing of atrial-natri- uretic-factor B and C receptor in PC12 cells.},
journal = { Biochem J},
volume = 276,
pages = {493-497}
},
@article{184,
author = {Pandey and Inagami  and Misono KS },
year = 1986,
title = { Atrial natriuretic factor receptor on cultured Ley- dig tumor cellsvolume = ,
 ligand binding and photoaffinity labeling.},
journal = { Biochemistry},
volume = 25,
pages = {8467-8472}
},
@article{185,
author = {Pandey},
year = 1993,
title = { Stoichiometric analysis of internalization, recycling and redistribution of photoaffinity-labeled guanylate cyclase/atrial natriuretic factor receptors in cultured murine Leydig tumor cells.},
journal = { J Biol Chem},
volume = 268,
pages = {4382-4390}
},
@article{186,
author = {Pandey and Kumar  and Li  and Nguyen },
year = 2000,
title = { Functional domains and expression of trun- cated atrial natriuretic peptide receptor-Avolume = ,
 the carboxyl-terminal regions direct the recep- tor internalization and sequestration in COS-/ cells.},
journal = { Mol Pharmacol},
volume = 57,
pages = {259-267}
},
@article{187,
author = {Pandey},
year = 2001,
title = { Dynamics of internalization and sequestration of guanylyl cyclase/atrial natriuretic peptide receptor-A.},
journal = { Can J Physiol Pharmacol},
volume = 79,
pages = {631-639}
},
@article{188,
author = {Koh and Nussenzveig and Okolicany  },
year = 1992,
title = { Dynamics of atrial natriuretic factor- guanylate cyclase receptor and receptor-ligand complexes in cultured glomerular mesan- gial and renomedullary interstitial cells.},
journal = { J Biol Chem},
volume = 267,
pages = {11987-11994}
},
@article{189,
author = {Vieira and Gao  and Nikonova and Maack },
year = 2001,
title = { Molecular and cellular physiology of the dissociation of atrial natriuretic peptide from guanylyl cyclase A receptors.},
journal = { J Biol Chem},
volume = 276,
pages = {36438-36445}
},
@article{190,
author = {Anand-Srivastava MB },
year = 2005,
title = { Natriuretic peptide receptor-C signaling and regulation.},
journal = { Pep- tides},
volume = 26,
pages = {1044-1059}
},
@article{191,
author = {Drewett and Ziegler and Trachte GJ },
year = 1992,
title = { Neuromodulatory effects of atrial natriuretic pep- tides correlate with an inhibition of adenylate cyclase but not an activation of guanylate cyclase.},
journal = { J Pharmacol Exp Ther},
volume = 260,
pages = {689-696}
},
@article{192,
author = {D’Souza and Davis  and Baxter GF },
year = 2004,
title = { Autocrine and paracrine actions of natriuretic pep- tides in the heart.},
journal = { Pharmacol Ther},
volume = 101,
pages = {113-129}
},
@article{193,
author = {Haak  and Jungmann  and Schoffling },
year = 1990,
title = {24-hour variation in atrial natriuretic peptide.},
journal = { Lancet},
volume = 335,
pages = {167-168}
},
@article{194,
author = {Haak  and Jungmann  and Schoffling  and Usadel KH },
year = 1992,
title = { Evidence for pulsatile secretion of human atrial natriuretic peptide in healthy subjects.},
journal = { Exp Clin Endocrinol},
volume = 99,
pages = {108-109}
},
@article{195,
author = {Nugent and Onuoha and McEneaney DJ  },
year = 1994,
title = { Variable patterns of atrial natriuretic pep- tide secretion in man.},
journal = { Eur J Clin Invest},
volume = 24,
pages = {267-274}
},
@article{196,
author = {Pedersen and Pedersen and Jensen KT },
year = 1999,
title = { Pulsatile secretion of atrial natriuretic peptide and brain natriuretic peptide in healthy humans.},
journal = { Clin Sci},
volume = 97,
pages = {201-206}
},
@article{197,
author = {Bentzen  and Pedersen and Pedersen HB  },
year = 2003,
title = { Abnormal rhythmic oscillations of atrial natriuretic peptide and brain natriuretic peptide in heart failure.},
journal = { Clin Sci},
volume = 104,
pages = {303-312}
},
@article{198,
author = {Pilo  and Iervasi  and Clerico  },
year = 1998,
title = { The circulatory model in metabolic studies of rapid- ly renewed hormonesvolume = ,
 application to ANP kinetics.},
journal = { Am J Physiol},
volume = 274,
E560-572
@article{199,
author = {Iervasi  and Clerico  and Pilo  },
year = 1998,
title = { Atrial natriuretic peptide is not degraded from lungs in humans.},
journal = { J Clin Endocrinol Metab},
volume = 83,
pages = {2898-2906}
},
@article{200,
author = {Clerico  and Iervasi },
year = 1995,
title = { Alterations in metabolic clearance of atrial natriuretic peptides in heart failurevolume = ,
 how do they relate to the resistance to atrial natriuretic peptides?},
journal = { J Card Fail},
volume = 1,
pages = {323-328}
},
@article{201,
author = {Iervasi  and Clerico  and Pilo  },
year = 1997,
title = { Evidence that ANP tissue extraction is not changed by large increases of its plasma levels induced by pacing in humans.},
journal = { J Clin Endocrinol Metab},
volume = 82,
pages = {884-888}
},
@article{202,
author = {Totsune  and Takahashi  and Satoh  },
year = 1996,
title = { Urinary immunoreactive brain natriuretic pep- tide in patients with renal disease.},
journal = { Regul Pept},
volume = 63,
pages = {141-146}
},
@article{203,
author = {Ng and Geeranavor  and Jennings SC  },
year = 2004,
title = { Diagnosis of heart failure using urinary natri- uretic peptides.},
journal = { Clin Sci},
volume = 106,
pages = {129-133}
},
@article{204,
author = {Shimizu  and Masuta  and Asada  },
year = 2003,
title = { Characterization of molecular forms of probrain natriuretic peptide in human plasma.},
journal = { Clin Chim Acta},
volume = 334,
pages = {233-239}
},
@article{205,
author = {Hunt and Richards and Nicholls MG },
year = 1997,
title = {Immunoreactive amino-terminal pro-brain natri- uretic peptide (NT-proBNP)volume = ,
 a new marker of cardiac impairment.},
journal = { Clin Endocrinol},
volume = 47,
pages = {287-296}
},
@article{206,
author = {Goetze and Rehfeld and Videbaek  },
year = 2005,
title = { B-type natriuretic peptide and its precursor in cardiac venous blood from failing hearts.},
journal = { Eur J Heart Fail},
volume = 7,
pages = {69-74}
},
@article{207,
author = {Goetze and Videbaek  and Boesgaard  },
year = 2004,
title = { Pro-brain natriuretic peptide as marker of car- diovascular or pulmonary causes of dyspnea in patients with terminal parenchymal lung disease.},
journal = { J Heart Lung Transplant},
volume = 23,
pages = {80-87}
},
@article{208,
author = {Mukoyama  and Nakao  and Hosoda  },
year = 1991,
title = { Brain natriuretic peptide as a novel cardiac hor- mone in humans. Evidence for an exquisite dual natriuretic peptide system, atrial natriuret- ic peptide and brain natriuretic peptide.},
journal = { J Clin Invest},
volume = 87,
pages = {1402-1412}
},
@article{209,
author = {Mizuno  and Yoshimura  and Yasue  },
year = 2001,
title = { Aldosterone production is activated in failing ventricle in humans.},
journal = { Circulation},
volume = 103,
pages = {72-77}
},
@article{210,
author = {Kalra and Clague and Bolger AP  },
year = 2003,
title = { Myocardial production of C-type natriuretic pep- tide in chronic heart failure.},
journal = { Circulation},
volume = 107,
pages = {571-573}
},
@article{211,
author = {Gardner and Hedges and Wu  },
year = 1989,
title = { Expression of the atrial natriuretic peptide gene in human fetal heart.},
journal = { J Clin Endocrinol Metab},
volume = 69,
pages = {729-737}
},
@article{212,
author = {Cameron and Ellmers LJ },
year = 2003,
title = { Minireviewvolume = ,
 natriuretic peptides during development of the fetal heart and circulation.},
journal = { Endocrinology},
volume = 144,
pages = {2191-2194}
},
@article{213,
journal = {author = {Takahashi  and Allen and Izumo year =},
1992,
title = { Expression of A-, B-, and C-type natriuretic peptide genes in failing and developing human ventricles.},
 Correlation with expression of the Ca},
title = {(2+)- ATPase gene.},
journal = { Circ Res},
volume = 71,
pages = {9-17}
},
@article{214,
author = {Day and Schwartz  and Wiegand RC  },
year = 1987,
title = { Ventricular atriopeptin. Unmasking of messenger RNA and peptide synthesis by hypertrophy or dexamethasone.},
journal = { Hypertension},
volume = 9,
pages = {485-491}
},
@article{215,
author = {Swynghedauw  and Baillard },
year = 2000,
title = { Biology of hypertensive cardiopathy.},
journal = { Curr Opin Cardiol},
volume = 15,
pages = {247-253}
},
@article{216,
author = {Cheung},
year = 1995,
title = { Regulation of atrial natriuretic factor secretion and expression in the ovine fetus.},
journal = { Neurosci Biobehav Rev},
volume = 19,
pages = {159-164}
},
@article{217,
author = {Deloof  and Chatelain },
year = 1994,
title = { Effect of blood volume expansion on basal plasma atrial natri- uretic factor and adrenocorticotropic hormone secretions in the fetal rat at term.},
journal = { Biol Neonate},
volume = 65,
pages = {390-395}
},
@article{218,
journal = {author = {Johnson and Singh and Cheung CY year =},
1997,
title = { Effect of three hours of hypoxia on atrial natri- uretic factor gene expression in the ovine fetal heart.},
journal = { Am J Obstet Gynecol},
176},
journal = {(1 Pt},
1)volume = ,
pages = {42-48}
},
@article{219,
author = {Rosenfeld and Samson and Roy TA  },
year = 1992,
title = { Vasoconstrictor-induced secretion of ANP in fetal sheep.},
journal = { Am J Physiol},
volume = 263,
E526-533
@article{220,
author = {Wei and Rodi and Day ML  },
year = 1987,
title = { Developmental changes in the rat atriopeptin hormonal system.},
journal = { J Clin Invest},
volume = 79,
pages = {1325-1329}
},
@article{221,
author = {Cheung},
year = 1994,
title = { Regulation of atrial natriuretic factor release by endothelin in ovine fetus- es.},
journal = { Am J Physiol},
volume = 267,
pages= {R380-386},
}
@article{222,
author = {Cameron and Aitken and Ellmers LJ  },
year = 1996,
title = { The sites of gene expression of atrial, brain, and C-type natriuretic peptides in mouse fetal developmentvolume = ,
 temporal changes in embryos and placenta.},
journal = { Endocrinology},
volume = 137,
pages = {817-824}
},
@article{223,
author = {Graham and Watson and Blumenfeld and Pang SC },
year = 1996,
title = { Expression of atrial natriuretic pep- tide by third-trimester placental cytotrophoblasts in women.},
journal = { Biol Reprod},
volume = 54,
pages = {834-840}
},
@article{224,
author = {Lim and Gude NM },
year = 1995,
title = { Atrial natriuretic factor production by the human placenta.},
journal = { J Clin Endocrinol Metab},
volume = 80,
pages = {3091-3093}
},
@article{225,
author = {Holcberg  and Kossenjans  and Brewer },
year = 1995,
title = {The action of two natriuretic peptides (atri- al natriuretic peptide and brain natriuretic peptide) in the human placental vasculature.},
journal = { Am J Obstet Gynecol},
volume = 172,
pages = {71-77}
},
@article{226,
author = {Holcberg  and Kossenjans  and Brewer  },
year = 1995,
title = { Selective vasodilator effects of atrial natri- uretic peptide in the human placental vasculature.},
journal = { J Soc Gynecol Investig},
volume = 2,
pages = {1-5}
},
@article{227,
author = {Stebbing and Gude and King and Brennecke SP },
year = 1996,
title = { Alpha-atrial natriuretic peptide- induced attenuation of vasoconstriction in the fetal circulation of the human isolated perfused placenta.},
journal = { J Perinat Med},
volume = 24,
pages = {253-260}
},
@article{228,
author = {Abell and Richards and Ikram  },
year = 1989,
title = { Atrial natriuretic factor inhibits proliferation of vascular smooth muscle cells stimulated by platelet-derived growth factor.},
journal = { Biochem Bio- phys Res Commun},
volume = 160,
pages = {1392-1396}
},
@article{229,
author = {Horio  and Nishikimi  and Yoshihara  },
year = 2000,
title = { Inhibitory regulation of hypertrophy by endoge- nous atrial natriuretic peptide in cultured cardiac myocytes.},
journal = { Hypertension},
volume = 35,
pages = {19-24}
},
@article{230,
author = {Wu  and Bishopric  and Pratt },
year = 1997,
title = { Atrial natriuretic peptide induces apoptosis in neonatal rat cardiac myocytes.},
journal = { J Biol Chem},
volume = 272,
pages = {14860-14866}
},
@article{231,
author = {Cao  and Gardner },
year = 1995,
title = { Natriuretic peptides inhibit DNA synthesis in cardiac fibroblasts.},
journal = { Hypertension},
volume = 25,
pages = {227-234}
},
@article{232,
author = {Oliver  and Fox  and Kim  },
year = 1997,
title = { Hypertension, cardiac hypertrophy and sudden death in mice lacking natriuretic peptide receptor A.},
journal = { Proc Natl Acad Sci USA},
volume = 94,
pages = {14730-14735}
},
@article{233,
author = {Knowles  and Esposito  and Mao  },
year = 2001,
title = { Pressure independent enhancement of cardiac hypertrophy in natriuretic peptide receptor A deficient mice.},
journal = { J Clin Invest},
volume = 107,
pages = {975-984}
},
@article{234,
author = {Ellmers  and Knowles  and Kim H-S  },
year = 2002,
title = { Ventricular expression of atrial and brain natri- uretic peptide in Npr1 deficient mice with cardiac hypertrophy and fibrosis.},
journal = { Am J Physiol},
volume = 283,
pages = {H707-714},
}
@article{235,
author = {John and Krege and Oliver PM  },
year = 1995,
title = { Genetic decreases in atrial natriuretic peptide and salt-sensitive hypertension.},
journal = { Science},
volume = 267,
pages = {679-681}
},
@article{236,
author = {Tamura  and Ogawa  and Chusho  },
year = 2000,
title = { Cardiac fibrosis in mice lacking brain natriuret- ic peptide.},
journal = { Proc Natl Acad Sci USA},
volume = 97,
pages = {4239-4244}
},
@article{237,
author = {Suda  and Ogawa  and Tanaka  },
year = 1998,
title = { Skeletal overgrowth in transgenic mice that overex- press brain natriuretic peptide.},
journal = { Proc Natl Acad Sci USA},
volume = 95,
pages = {2337-2342}
},
@article{238,
author = {Matsukawa  and Grzesik  and Takahashi  },
year = 1999,
title = { The natriuretic peptide clearance recep- tor locally modulates the physiological effects of the natriuretic peptide system.},
journal = { Proc Natl Acad Sci USA},
volume = 96,
pages = {7403-7408}
},
@article{239,
author = {Chusho  and Tamura  and Ogawa  },
year = 2001,
title = { Dwarfism and early death in mice lacking c-type natriuretic peptide.},
journal = { Proc Natl Acad Sci USA},
volume = 98,
pages = {4016-4021}
},
@article{240,
author = {Mericq  and Uyeda  and Barnes  },
year = 2000,
title = { Regulation of fetal rat bone growth by c-type natri- uretic peptide and cGMP.},
journal = { Pediatr Res},
volume = 47,
pages = {189-193}
},
@article{241,
author = {Irons and Bayles and Davison JM },
year = 1996,
title = { Effect of atrial natriuretic peptide on renal hemo- dynamics and sodium excretion during human pregnancy.},
journal = { Am J Physiol},
volume = 271,
F239-242
@article{242,
author = {Rutherford and Anderson and Elder and Bloom SR },
year = 1987,
title = { Release of atrial natriuretic pep- tide during pregnancy and immediate puerperium.},
 Lancet ivolume = ,
pages = {928-929}
},
@article{243,
author = {Clerico  and Del Chicca and Ferdeghini },
year = 1980,
title = {Progressively elevated levels of biolog- ically active (free) cortisol during pregnancy by a direct radioimmunological assay of diffusible cortisol in an equilibrium dialysis system.},
journal = { J Endocrinol Invest},
volume = 3,
pages = {185-187}
},
@article{244,
author = {Wilson  and Morganti and Zervoudakis  },
year = 1980,
title = { Blood pressure, the renin-aldosterone system and sex steroids throughout normal pregnancy.},
journal = { Am J Med},
volume = 68,
pages = {97-104}
},
@article{245,
author = {Furuhashi  and Kimura  and Nagae  },
year = 1994,
title = { Brain natriuretic peptide and atrial natriuret- ic peptide levels in normal pregnancy and preeclampsia.},
journal = { Gynecol Obstet Invest},
volume = 38,
pages = {73-77}
},
@article{246,
author = {Minegishi  and Nakamura  and Abe  },
year = 1999,
title = { Adrenomedullin and atrial natriuretic peptide concentrations in normal pregnancy and pre-eclampsia.},
journal = { Mol Hum Reprod},
volume = 5,
pages = {767-770}
},
@article{247,
author = {Okuno  and Hamada  and Yasuoka },
year = 1999,
title = {Brain natriuretic peptide (BNP) and cyclic guanosine monophosphate (cGMP) levels in normal pregnancy and preeclampsia.},
journal = { J Obstet Gynaecol Res},
volume = 25,
pages = {407-410}
},
@article{248,
author = {Fleming and O’Byrne  and Grimes  },
year = 2001,
title = { Amino-terminal pro-brain natriuretic peptide in normal and hypertensive pregnancy.},
journal = { Hypertens Pregnancy},
volume = 20,
pages = {169-175}
},
@article{249,
author = {Kale  and Kale  and Yalinkaya  },
year = 2005,
title = { The comparison of amino-terminal probrain natri- uretic peptide levels in preeclampsia and normotensive pregnancy.},
journal = { J Perinat Med},
volume = 33,
pages = {121-124}
},
@article{250,
author = {Resnik and Hong  and Resnik },
year = 2005,
title = {Evaluation of B-type natriuretic peptide (BNP) lev- els in normal and preeclamptic women.},
journal = { Am J Obstet Gynecol},
volume = 193,
pages = {450-454}
},
@article{251,
author = {Nakayama },
year = 2005,
title = { The genetic contribution of the natriuretic peptide system to cardio- vascular diseases.},
journal = { Endocr J},
volume = 52,
pages = {11-21}
},
@article{252,
author = {Clerico },
year = 2003,
title = { Increasing impact of laboratory medicine in clinical cardiology.},
journal = { Clin Chem Lab Med},
volume = 41,
pages = {871-883}
},
@article{253,
author = {Steinhelper and Cochrane and Field LJ },
year = 1990,
title = { Hypotension in transgenic mice expressing atrial natriuretic factor fusion genes.},
journal = { Hypertension},
volume = 16,
pages = {301-307}
},
@article{254,
author = {Ogawa  and Itoh  and Tamura  },
year = 1994,
title = { Molecular cloning of the complementary DNA and gene that encode mouse brain natriuretic peptide and generation of transgenic mice that overexpress tha brain natriuretic peptide gene.},
journal = { J Clin Invest},
volume = 93,
pages = {1911-1921}
},
@article{255,
author = {John and Krege and Oliver PM  },
year = 1995,
title = { Genetic decrease in atrial natriuretic peptide and salt-sensitive hypertension.},
journal = { Science},
volume = 267,
pages = {679-681}
},
@article{256,
author = {Lopez and Wong and Kishimoto  },
year = 1995,
title = { Salt-resistant hypertension in mice lacking the guanylyl cyclase-A receptor for atrial natriuretic peptide.},
journal = { Nature},
volume = 378,
pages = {65-68}
},
@article{257,
author = {Rutledge and Sun  and Ross EA },
year = 1995,
title = { Polymorphisms within the atrial natriuretic peptide gene in essential hypertension.},
journal = { J Hypertens},
volume = 13,
pages = {953-955}
},
@article{258,
author = {Ramasawmy  and Kotea  and Lu },
year = 1993,
title = {A new polymorphic restriction site at the human atrial natriuretic peptide (hANP) gene locus.},
journal = { Hum Genet},
volume = 91,
pages = {509-510}
},
@article{259,
author = {Schorr  and Beige  and Ringel  },
year = 1997,
title = { HpaII polymorphism of the atrial natriuretic peptide gene and blood pressure response to salt intake in normotensive men.},
journal = { J Hypertens},
volume = 15,
pages = {715-718}
},
@article{260,
author = {Widecka  and Ciechanowicz  and Adler },
year = 1998,
title = {Analysis of polymorphisms Sma (Hpa II) and Sca I gene precursors of atrial natriuretic peptide (ANP) in patients with essential hyper- tension.},
journal = { Pol Arch Med Wewn},
volume = 100,
pages = {27-34}
},
@article{261,
author = {Cheung and Leung  and Shiu  },
year = 1999,
title = { HpaII polymorphism in the atrial natriuretic pep- tide gene and hypertension.},
journal = { Am J Hypertens},
volume = 12,
pages = {524-527}
},
@article{262,
author = {Rahmutula  and Nakayama  and Soma  },
year = 2001,
title = { Association study between the variants of the human ANP gene and essential hypertension.},
journal = { Hypertens Res},
volume = 24,
pages = {291-294}
},
@article{263,
author = {Kato  and Sugiyama  and Morita  },
year = 2000,
title = { Genetic analysis of the atrial natriuretic peptide gene in essential hypertension.},
journal = { Clin Sci},
volume = 98,
pages = {251-258}
},
@article{264,
author = {Sarzani  and Dessi-Fulgheri  and Salvi  },
year = 1999,
title = { A novel promoter variant of the natriuretic peptide clearance receptor gene is associated with lower atrial natriuretic peptide and high- er blood pressure in obese hypertensives.},
journal = { J Hypertens},
volume = 17,
pages = {1301-1305}
},
@article{265,
author = {Nakayama  and Soma  and Takahashi  },
year = 2000,
journal = {title = { Functional deletion mutation of the},
5’-flank- ing region of type A natriuretic peptide receptor gene and its association with essential hypertension and left ventricular hypertrophy in the Japanese.},
journal = { Circ Res},
volume = 86,
pages = {841-845}
},
@article{266,
author = {Lucarelli  and Iacoviello  and Dessi-Fulgheri },
year = 2001,
title = { Associazione di una nuova variante genica del recettore A dei peptidi natriuretici con la familiarità per ipertensione arteriosa.},
journal = { Ital Heart J 2 (Suppl 6)},
volume = 10,
}
@article{267,
author = {Ahluwalia  and Hobbs AJ },
year = 2005,
title = { Endothelium-derived C-type natriuretic peptidevolume = ,
 more than just a hyperpolarized factor.},
journal = { Trends Pharmacol Sci},
volume = 26,
pages = {162-167}
},
@article{269,
author = {Han  and Hasin },
year = 2003,
title = { Cardiovascular effects of natriuretic peptides and their interrelation with endothelin-1.},
journal = { Cardiovasc Drugs Ther},
volume = 17,
pages = {41-52}
},
@article{270,
author = {Houben and van der Zander  and de Leeuw PW },
year = 2005,
title = { Vascular and renal actions of brain natri- uretic peptide in manvolume = ,
 physiology and pharmacology.},
journal = { Fundam Clin Pharmacol},
volume = 19,
pages = {411-419}
},
@article{271,
author = {Scotland and Ahluwalia  and Hobbs AJ },
year = 2005,
title = { C-type natriuretic peptide in vascular physiolo- gy and disease.},
journal = { Pharmacol Ther},
volume = 105,
pages = {85-89}
},
@article{272,
author = {Casco and Veinot and Kuroski de Bold ML  },
year = 2002,
title = { Natriuretic peptide system gene expres- sion in human coronary arteries.},
journal = { J Histochem Cytochem},
volume = 50,
pages = {799-809}
},
@article{273,
author = {Nazario  and Hu and Pedram  },
year = 1995,
title = { Atrial and brain natriuretic peptides stimulate the production and secretion of C-type natriuretic peptide from bovine aortic endothelial cells.},
journal = { J Clin Invest},
volume = 95,
pages = {1151-1157}
},
@article{274,
author = {De los Angeles Costa  and Elesgaray  and Loria },
year = 2004,
title = { Atrial natriuretic peptide influence on nitric oxide system in kidney and heart.},
journal = { Regul Pept},
volume = 118,
pages = {151-157}
},
@article{275,
author= {Ruskoaho H, Leskinen H, Magga J  },
year = 1997,
title = { Mechanisms of mechanical load-induced atri- al natriuretic peptide secretionvolume = ,
 role of endothelin, nitric oxide, and angiotensin II.},
journal = { J Mol Med},
volume = 75,
pages = {876-885}
},
@article{276,
author = {Gyurko  and Kuhlencordt  and Fishman and Huang OL },
year = 2000,
title = { Modulation of mouse cardiac func- tion in vivo by eNOS and ANP.},
journal = { Am J Physiol},
volume = 278,
H971-981
@article{277,
author = {Kohno  and Horio  and Yokokawa },
year = 1992,
journal = {title = { C-type natriuretic peptide inhibits thrombin- and angiotensin II-stimulated endothelin release via cyclic guanosine},
3’,5’-monophosphate.},
journal = { Hypertension},
volume = 19,
pages = {320-325}
},
@article{278,
author = {Davidson and Barr and Struthers AD },
year = 1996,
title = { C-type natriuretic peptide. An endogenous inhibitor of vascular angiotensin-converting enzyme activity.},
journal = { Circulation},
volume = 931,
pages = {155-159}
},
@article{279,
author = {Evans and Youssef and Yandle TG  },
year = 2002,
title = { Effects of endothelin-1 on release of adrenomedullin and C-type natriuretic peptide from individual human vascular endothelial cells.},
journal = { J Endocrinol},
volume = 175,
pages = {225-232}
},
@article{280,
author = {Suga  and Itoh  and Komatsu },
year = 1993,
title = {Cytokine-induced C-type natriuretic peptide (CNP) secretion from vascular endothelial cells - evidence for CNP as a novel autocrine/paracrine regulator from endothelial cells.},
journal = { Endocrinology},
volume = 133,
pages = {3038-3041}
},
@article{281,
author = {Ohno  and Itoh  and Ikeda  },
year = 2002,
title = { Accelerated reendothelialization with suppressed throm- bogenic property and neointimal hyperplasia of rabbit jugular vein grafts by adenovirus- mediated gene transfer of C-type natriuretic peptide.},
journal = { Circulation},
volume = 105,
pages = {1623-1626}
},
@article{282,
author = {Kiemer and Lehner and Hartung  and Vollmar AM },
year = 2002,
title = { Inhibition of cyclooxygenase-2 by natri- uretic peptides.},
journal = { Endocrinology},
volume = 143,
pages = {846-852}
},
@article{283,
author = {Kiemer and Furst  and Vollmar AM },
year = 2005,
title = { Vasoprotective actions of the atrial natriuretic pep- tide.},
journal = { Curr Med Chem Cardiovasc Hematol Agents},
volume = 3,
pages = {11-21}
},
@article{284,
author = {Furuya  and Yoshida  and Hayashi  },
year = 1991,
title = { C-type natriuretic peptide is a growth inhibitor of rat vascular smooth muscle cells.},
journal = { Biochem Biophys Res Commun},
volume = 177,
pages = {927-931}
},
@article{285,
author = {Gonzalez Bosc and Majowicz and Vidal NA },
year = 2000,
title = { Effects of atrial natriuretic peptide in the gut.},
journal = { Peptides},
volume = 21,
pages = {875-887}
},
@article{286,
author = {Rollin  and Mediero  and Roldan-Pallares  },
year = 2004,
title = { Natriuretic peptide system in the human retina.},
journal = { Mol Vis},
volume = 10,
pages = {15-22}
},
@article{287,
author = {Barabasi and Oltvai ZN },
year = 2004,
title = { Network biologyvolume = ,
 understanding the cell’s functional organ- ization.},
journal = { Nat Rev Genet},
volume = 5,
pages = {101-113}
},
@article{287,
author = {Clerico  and Recchia and Passino  and Emdin },
year = 2006,
title = { Cardiac endocrine function is an essen- tial component of the homeostatic regulation networkvolume = ,
 physiological and clinical implications.},
journal = { Am J Physiol Heart Circ Physiol},
volume = 290,
pages = {H17-29},
},
@article{bib21,
author = {Clerico and  Del Ry S and Giannessi D },
 year = 2000,
 title = {Measurement of natriuretic cardiac hormones (ANP, NP, and related peptides) in clinical practice: the need for a new generation of immunoassay methods.},
 journal = {Clin Chem},
 volume = 46,
 pages = {1529-1534},
},
@article{bib22,
author = {Clerico and  Del Ry S and Giannessi D et al },
 year = 2001,
 title = {Evaluation and comparison of commercial mmunoassay methods for the determination of N-terminal proANP in plasma and atrial issue.},
 journal = {J Clin Ligand Assay},
 volume = 24,
 pages = {112-118},
},
@article{bib23,
author = {Panteghini and  Clerico A },
 year = 2004,
 title = {Understanding the clinical biochemistry of N-terminal proB-type natriuretic peptide: the prerequisite for its optimal clinical use.},
 journal = {Clin Lab},
 volume = 50,
 pages = {325-331},
},
@article{bib24,
author = {Clerico and  Emdin M },
 year = 2004,
 title = {Diagnostic accuracy and prognostic relevance of the measurement of the cardiac natriuretic peptides: a review.},
 journal = {Clin Chem},
 volume = 50,
 pages = {33-50},
},
@article{bib25,
 author = {Hammerer-Lercher, Neubauer E, Muller S },
 year = 2001,
 title = {Head-to-head comparison of N-terminal ro-brain natriuretic peptide, brain natriuretic peptide and N-terminal pro-atrial natriuretic peptide in diagnosing left ventricular dysfunction.},
 journal = {Clin Chim Acta},
 volume = 310,
 pages = {193-197},
},
@article{bib26,
author = {Prontera and  Emdin M and Zucchelli GC et al },
 year = 2003,
 title = {Fully-automated NT-proBNP and IRMA methods for BNP and ANP in heart failure and healthy subjects.},
 journal = {Clin Chem},
 volume = 49,
 pages = {1552-1554},
},
@article{bib27,
author = {Storti and  Prontera C and Emdin M et al },
 year = 2004,
 title = {Analytical performance and clinical results of a ully automated MEIA system for BNP assay: comparison with a POCT method.},
 journal = {Clin Chem ab Med},
 volume = 42,
 pages = {1178-1185},
},
@article{bib28,
author = {Wu and  Packer M and Smith A et al },
 year = 2004,
 title = {Analytical and clinical evaluation of the Bayer ADVIA entaur automated B-type natriuretic peptide assay in patients with heart failure: a multisite study.},
 journal = {Clin Chem},
 volume = 50,
 pages = {867-873},
},
@article{bib29,
author = {Mueller and  Gegenhuber A and Poelz W and Haltmayer M },
 year = 2004,
 title = {Head-to-head comparison of the diagnostic utility of BNP and NT-proBNP in symptomatic and asymptomatic structural heart isease.},
 journal = {Clin Chim Acta},
 volume = 341,
 pages = {41-48},
},
@article{bib210,
author = {Mueller and  Gegenhuber A and Poelz W and Haltmayer M },
 year = 2004,
 title = {Biochemical diagnosis of impaired left entricular ejection fraction - comparison of the diagnostic accuracy of brain natriuretic eptide (BNP) and amino terminal proBNP (NT-proBNP).},
 journal = {Clin Chem Lab Med},
 volume = 42,
 pages = {159-163},
},
@article{bib211,
 author = {Hammerer-Lercher and Ludwig W and Falkensammer G et al },
 year = 2004,
 title = {Natriuretic peptides as markers of mild forms of left ventricular dysfunction: effects of assays on diagnostic performance f markers.},
 journal = {Clin Chem},
 volume = 50,
 pages = {1174-1183},
},
@article{bib212,
author = {Ylitalo and  Uusimaa P and Vuolteenaho O et al },
 year = 1999,
 title = {Vasoactive peptide release in relation to emodynamic and metabolic changes during rapid ventricular pacing.},
 journal = {Pacing Clin Electrophysiol},
 volume = 22,
 pages = {1064-1070},
},
@article{bib213,
author = {Clerico and  Iervasi G and Del Chicca MG et al },
 year = 1998,
 title = {Circulating levels of cardiac natriuretic peptides (ANP and BNP) measured by highly sensitive and specific immunoradiometric assays n normal subjects and in patients with different degrees of heart failure.},
 journal = {J Endocrinol Invest},
 volume = 21,
 pages = {170-178},
},
@article{bib214,
author = {Numata and  Dohi K and Furukawa A et al },
 year = 1998,
 title = {Immunoradiometric assay for the N-terminal fragment of proatrial natriuretic peptide in human plasma.},
 journal = {Clin Chem},
 volume = 44,
 pages = {1008-1013},
},
@article{bib215,
 author = {S Del Ry, Giannessi D, Clerico A },
 year = 2001,
 title = {Plasma brain natriuretic peptide measured by fully-automated immunoassay and by immunoradiometric assay compared.},
 journal = {Clin Chem Lab Med},
 volume = 39,
 pages = {446-450},
},
@article{bib216,
author = {Marumo and  Sakamoto H and Ando K et al },
 year = 1986,
 title = {highly sensitive radioimmunoassay of atrial natriuretic peptide (ANP) in human plasma and urine.},
 journal = {Biochem Biophys Res Commun},
 volume = 137,
 pages = {231-236},
},
@article{bib217,
author = {Gutkowska and  Genst J and Thibault G et al },
 year = 1987,
 title = {Circulating forms and radioimmunoassay of atrial natriuretic factor.},
 journal = {Endocrinol Metab Clinics North Am},
 volume = 16,
 pages = {183-198},
},
@article{bib218,
author = {Yandle and  Espiner EA and Nicholls MG and Duff H },
 year = 1986,
 title = {Radioimmunoassay and characterization of atrial natriuretic peptide in human plasma.},
 journal = {J Clin Endocrinol Metab},
 volume = 63,
 pages = {72-79},
},
@article{bib219,
author = {Kato and  Kida O and Kita T et al },
 year = 1988,
 title = {Free and bound forms of atrial natriuretic peptide (ANP) in rat plasma: preferential increase of free ANP in spontaneously hypertensive rats (SHR) and stroke-prone SHR (SHRSP).},
 journal = {Biochem Biophys Res Commun},
 volume = 153,
 pages = {1084-1089},
},
@article{bib220,
author = {Itoh and  Nakao K and Sugawara A et al },
 year = 1988,
 title = {Gamma-atrial natriuretic polypeptide (gamma-ANP)-derived peptides in human plasma: cosecretion of N-terminal gamma-ANP fragment and alpha-ANP.},
 journal = {J Clin Endocrinol Metab},
 volume = 67,
 pages = {429-437},
},
@article{bib221,
author = {Gutkowska and  Bourassa M and Roy D et al },
 year = 1985,
 title = {Immunoreactive atrial natriuretic factor (IR-ANF) in human plasma.},
 journal = {Biochem Biophys Res Commun},
 volume = 128,
 pages = {1350-1357},
},
@article{bib222,
author = {Hartter and  Woloszczuk W and Stummvoll HK },
 year = 1986,
 title = {Radioimmunoassay of atrial natriuretic peptide in human plasma.},
 journal = {Clin Chem},
 volume = 32,
 pages = {441-445},
},
@article{bib223,
author = {Ohashi and  Fujio N and Nawata H et al },
 year = 1987,
 title = {High plasma concentrations of human atrial natriuretic polypeptide in aged men.},
 journal = {J Clin Endocrinol Metab},
 volume = 64,
 pages = {81-85},
},
@article{bib224,
author = {Richards and  Tonolo G and McIntyre GD et al },
 year = 1987,
 title = {Radio-immunoassay for plasma alpha human atrial natriuretic peptide; a comparison of direct and preextracted methods.},
 journal = {J Hypertension},
 volume = 5,
 pages = {227-236},
},
@article{bib225,
author = {Rosmalen and  Tan ACITL and Tan HS and Benraad TJ },
 year = 1987,
 title = {A sensitive radioimmunoassay of atrial natriuretic peptide in human plasma, using a tracer with an immobilized glycouril agent.},
 journal = {Clin Chim Acta},
 volume = 165,
 pages = {331-340},
},
@article{bib226,
author = {Poiesi and  Rodella A and Mantero G et al },
 year = 1989,
 title = {Improved radioimmunoassay of atrial natriuretic peptide in plasma.},
 journal = {Clin Chem},
 volume = 35,
 pages = {1431-1434},
},
@article{bib227,
author = {Capper and  Smith SW and Spensley CA and Whateley JG },
 year = 1990,
 title = {Specificities compared for a radioreceptor assay and a radioimmunoasay of atrial natriuretic peptide.},
 journal = {Clin Chem},
 volume = 36,
 pages = {656-658},
},
@article{bib228,
author = {Rasmussen and  Nielsen MD and Giese J },
 year = 1990,
 title = {Solid-phase double-antibody radio-immunoassay for atrial natriuretic factor.},
 journal = {Scand J Clin Lab Invest},
 volume = 50,
 pages = {319-324},
},
@article{bib229,
author = {Clerico and  Del Chicca MG and Giganti M et al },
 year = 1990,
 title = {Evaluation and comparison of the analytical performances of two RIA kits for the assay of atrial natriuretic peptides (ANP).},
 journal = {J Nucl Med All Sci},
 volume = 34,
 pages = {81-87},
},
@article{bib230,
author = {Clerico and  Giuseppe O and Pelizzola D et al },
 year = 1991,
 title = {Evaluation of the analytical performance of RIA methods for measurement of ANP.},
 journal = {J Clin Immunoassay},
 volume = 14,
 pages = {251-256},
},
@article{bib231,
author = {Lindberg and  Nilsson LG and Bergquist S and Andersson KE },
 year = 1992,
 title = {Radio-immunoassay of atrial natriuretic peptide (ANP) and characterization of ANP immunoreactivity in human plasma and atrial tissue.},
 journal = {Scand J Clin Lab Invest},
 volume = 52,
 pages = {447-456},
},
@article{bib232,
author = {McLaughlin and  Wei Y and Stockmann PT et al },
 year = 1987,
 title = {Development, validation and application of an enzyme immunoassay (EIA) of atriopeptin.},
 journal = {Biochem Biophys Res Commun},
 volume = 144,
 pages = {469-476},
},
@article{bib233,
author = {Clerico and  Iervasi G and Manfredi C et al },
 year = 1995,
 title = {Preparation of mono-radio-iodinated tracers for studying the in vivo metabolism of atrial natriuretic peptide in humans.},
 journal = {Eur J Nucl Med},
 volume = 22,
 pages = {997-1004},
},
@article{bib234,
author = {Lewis and  Ratcliffe WA and Stott RAW et al },
 year = 1989,
 title = {Development and validation of a two-site immunoradiometric assay for human atrial natriuretic factor in unextracted plasma.},
 journal = {Clin Chem},
 volume = 35,
 pages = {953-957},
},
@article{bib235,
author = {Tattersal and  Dawnay A and McLean C and Cattel WR },
 year = 1990,
 title = {Immunoradiometric assay of atrial natriuretic peptide in unextracted plasma.},
 journal = {Clin Chem},
 volume = 36,
 pages = {855-859},
},
@article{bib236,
author = {Tsuji and  Masuda H and Imagawa K et al },
 year = 1994,
 title = {Stability of human atrial natriuretic peptide in lood samples.},
 journal = {Clin Chim Acta},
 volume = 225,
 pages = {171-177},
},
@article{bib237,
author = {Clerico and  Iervasi G and Del Chicca MG et al },
 year = 1996,
 title = {Analytical performance and clinical usefulness of a commercially available IRMA kit for the measurement of atrial natriuretic peptide n patients with heart failure.},
 journal = {Clin Chem},
 volume = 42,
 pages = {1627-1633},
},
@article{bib238,
author = {Sundsfiord and  Thibault G and Larochelle P and Cantin M },
 year = 1988,
 title = {Identification and plasma concentration f the N-terminal fragment of atrial natriuretic factor in man.},
J journal = {Clin Endocrinol Metab},
 volume = 66,
 pages = {605-610},
},
@article{bib239,
author = {Buckley and  Markandu ND and Sagnella GA and MacGregor GA },
 year = 1994,
 title = {N-terminal atrial natriuretic peptide and atrial natriuretic peptide in human plasma: investigation of plasma levels and olecular circulating form(s) using radioimmunoassay for pro-atrial natriuretic peptide 3167 pro-atrial natriuretic peptide (1-30) and atrial natriuretic peptide (99-126).},
 journal = {Clin Sci},
 volume = 87,
 pages = {311-317},
},
@article{bib240,
author = {Mathisen and  Hall C and Simonsen S },
 year = 1993,
 title = {Comparative study of atrial peptides ANF(1-98) and NF(99-126) as diagnostic markers of atrial distension in patients with cardiac disease.},
 journal = {Scand  Clin Lab Invest},
 volume = 53,
 pages = {41-49},
},
@article{bib241,
author = {Winters and  Sallman AL and Baker BJ et al },
 year = 1989,
 title = {The N-terminus and a 4,000-MW peptide from he midportion of the N-terminus of the atrial natriuretic factor prohormone each circulate n humans and increase in congestive heart failure.},
 journal = {Circulation},
 volume = 80,
 pages = {438-449},
},
@article{bib242,
author = {Gower and  Chiou S and Skolnick KA andVesely DL },
 year = 1994,
 title = {Molecular forms of circulating atrial natriuretic peptides in human plasma and their metabolites.},
 journal = {Peptides},
 volume = 15,
 pages = {861-867},
},
@article{bib243,
author = {Vesely and  Douglass MA and Dietz JR et al },
 year = 1994,
 title = {Three peptides from the atrial natriuretic factor prohormone amino terminus lower blood pressure and produce diuresis, natriuresis, nd/or kaliuresis in humans.},
 journal = {Circulation},
 volume = 90,
 pages = {1129-1140},
},
@article{bib244,
author = {Overton and Vesely DL },
 year = 1996,
 title = {Processing of kaliuretic peptide in human plasma and serum.},
 journal = {eptides},
 volume = 17,
 pages = {1041-1046},
},
@article{bib245,
author = {Overton and  Vesely DL },
 year = 1996,
 title = {Processing of long-acting natriuretic peptide and vessel dilator in human plasma and serum.},
 journal = {Peptides},
 volume = 17,
 pages = {1155-1162},
},
@article{bib246,
 author = {Vesely},
 year = 2003,
 title = {Natriuretic peptides and acute renal failure.},
 journal = {Am J Physiol Renal Physiol},
 volume = 285,
 pages = {F167-177},
},
@article{bib247,
author = {Numata and  Dohi K and Furukawa A et al },
 year = 1998,
 title = {Immunoradiometric assay for the N-terminal ragment of proatrial natriuretic peptide in human plasma.},
 journal = {Clin Chem},
 volume = 44,
 pages = {1008-1013},
},
@article{bib248,
author = {Togashi and  Hirata Y andAndo K et al },
 year = 1989,
 title = {Brain natriuretic peptide-like immunoreactivity is present in human plasma.},
 journal = {FEBS Lett},
 volume = 250,
 pages = {235-237},
},
@article{bib249,
author = {Lang and  Coutie WJ and Khong TK et al },
 year = 1991,
 title = {Dietary sodium loading increases plasma brain atriuretic peptide levels in man.},
 journal = {J Hypertens},
 volume = 9,
 pages = {779-782},
},
@article{bib250,
author = {Hasegawa and  Fujiwara H and Doyama K et al },
 year = 1993,
 title = {Ventricular expression of brain natriuretic peptide in hypertrophic cardiomyopathy.},
 journal = {Circulation},
 volume = 88,
 pages = {372-380},
},
@article{bib251,
author = {Motwani and  McAlpine H and Kennedy N and Struthers AD },
 year = 1993,
 title = {Plasma brain natriuretic peptide s an indicator for angiotensin-converting-enzyme inhibitor after myocardial infarction.},
 journal = {ancet},
 volume = 341,
 pages = {1109-1113},
},
@article{bib252,
author = {Morita and Yasue H andYpshimura M et al },
 year = 1993,
 title = {Increased plasma levels of brain natriuretic peptide in patients with acute myocardial infarction.},
 journal = {Circulation},
 volume = 88,
 pages = {82-91},
},
@article{bib253,
author = {Yandle and  Richards AM and Gilbert A et al },
 year = 1993,
 title = {Assay of brain natriuretic petide (BNP) in uman plasma: evidence for high molecular weight BNP as a major plasma component in eart failure.},
 journal = {J Clin Endocrinol Metab},
 volume = 76,
 pages = {832-838},
},
@article{bib254,
author = {Tharaux and  Dussaule JC and Hubert-Brierre J et al },
 year = 1994,
 title = {Plasma atrial and brain natriuretic eptides in mitral stenosis treated by valvulotomy.},
 journal = {Clin Sci},
 volume = 87,
 pages = {67-77},
},
@article{bib255,
author = {Davidson and  Naas AA and Hanson JK et al },
 year = 1996,
 title = {Comparison of atrial natriuretic peptide, Btype natriuretic peptide, and n-terminal proatrial natriuretic peptide as indicators of left entricular systolic dysfunction.},
 journal = {Am J Cardiol},
 volume = 77,
 pages = {828-831},
},
@article{bib256,
author = {Kono and  Yamauchi A and Tsuji T et al },
 year = 1993,
 title = {An immunoradiometric assay for brain natriuretic eptide in human plasma.},
 journal = {Kaku Igaku},
 volume = 13,
 pages = {2-7},
},
@article{bib257,
 author = {S Del Ry, Clerico A, Giannessi D et al },
 year = 2000,
 title = {Measurement of brain natriuretic peptide in lasma samples and cardiac tissue extracts by means of an IRMA method.},
 journal = {Scand J Clin Lab nvest},
 volume = 60,
 pages = {81-90},
},
@article{bib258,
author = {Fisher and  Filzmaier K and Stiegler H et al },
 year = 2001,
 title = {Evaluation of a new, rapid bedside test for quantitative determination of B-type natriuretic peptide.},
 journal = {Clin Chem},
 volume = 47,
 pages = {591-594},
},
@article{bib259,
author = {Vogeser and  Jacob C },
 year = 2001,
 title = {B-type natriuretic peptide (BNP) - validation of an immediate esponse assay.},
 journal = {Clin Lab},
 volume = 47,
 pages = {29-33},
},
@article{bib260,
author = {Mueller and  Gegenhuber A and Poelz W and Haltmayer M },
 year = 2004,
 title = {Preliminary evaluation of the AxSYM -type natriuretic peptide (BNP) assay and comparison with the ADVIA Centaur BNP assay.},
 journal = {lin Chem},
 volume = 50,
 pages = {1104-1106},
},
@article{bib261,
 author = {Wians and Wilson BA and Grant A et al },
 year = 2005,
 title = {Evaluation of the analytical performance characteristics of the Bayer ACS: 180 B-type natriuretic peptide (BNP) assay.},
 journal = {Chim Clin Acta},
 volume = 353,
 pages = {147-155},
},
@article{bib262,
author = {Clerico and  Prontera C and Emdin M et al },
 year = 2005,
 title = {Analytical performance and diagnostic accuracy of immunometric assays for the measurement of plasma B-type natriuretic peptide (BNP) nd N-terminal proBNP.},
 journal = {Clin Chem},
 volume = 51,
 pages = {445-447},
},
@article{bib263,
author = {Rawlins and  Owen WE and Roberts WL },
 year = 2005,
 title = {Performance characteristics of four automated atriuretic peptide assays.},
 journal = {Am J Clin Pathol},
 volume = 123,
 pages = {439-445},
},
@article{bib264,
author = {Prontera and  Storti S and Emdin M et al },
 year = 2005,
 title = {Comparison of a fully automated immunoassay ith a point-of-care testing method for B-type natriuretic peptide.},
 journal = {Clin Chem},
 volume = 51,
 pages = {1274-1276},
},
@article{bib265,
author = {Hunt and Yandle TG and Nicholls MG et al },
 year = 1995,
 title = {The amino-terminal portion of pro-brain natriuretic eptide (Pro-BNP) circulates in human plasma.},
 journal = {Biochem Biophys Res Commun},
 volume = 214,
 pages = {1175-1183},
},
@article{bib266,
author = {Hunt and Richards AM andNicholls MG et al },
 year = 1997,
 title = {Immunoreactive amino-terminal pro-brain natriuretic peptide (NT-PROBNP): a new marker of cardiac impairment.},
 journal = {Clin Endocrinol},
 volume = 47,
 pages = {287-296},
},
@article{bib267,
author = {Hughes and  Talwar S and Squire IB et al },
 year = 1999,
 title = {An immunoluminometric assay for N-terminal ro-brain natriuretic peptide: development of a test for left ventricular dysfunction.},
 journal = {Clin Sci},
 volume = 96,
 pages = {373-380},
},
@article{bib268,
author = {Schulz and  Langvik TA and Lund Sagen E et al },
 year = 2001,
 title = {Radioimmunoassay for N-terminal probrain atriuretic peptide in human plasma.},
 journal = {Scand J Clin Lab Invest},
 volume = 61,
 pages = {33-42},
},
@article{bib269,
author = {Mueller and  Gegenhuber A and Poelz W and Haltmayer M },
 year = 2003,
 title = {Comparison of the Biomedica NT-proBNP enzyme immunoassay and the Roche NT-proBNP chemiluminescence immunoassay: mplications for the prediction of symptomatic and asymptomatic structural heart disease.},
 journal = {lin Chem},
 volume = 49,
 pages = {976-979},
},
@article{bib270,
author = {Yeo and  Wu AHB and Apple FS et al },
 year = 2003,
 title = {Multicenter evaluation of the Roche NT-proBNP assay nd comparison to the Biosite Triage BNP assay.},
 journal = {Clin Chim Acta},
 volume = 338,
 pages = {107-115},
},
@article{bib271,
author = {Prontera and  Emdin M and Zucchelli GC et al },
 year = 2003,
 title = {Natriuretic peptides (NPs): automated electrochemiluminescent immunoassay for N-terminal pro-BNP compared with IRMAs for ANP nd BNP in heart failure patients and healthy individuals.},
 journal = {Clin Chem},
 volume = 49,
 pages = {1552-1554},
},
@article{bib272,
author = {Collinson and  Barnes SC and Gaze DC et al },
 year = 2004,
 title = {Analytical performance of the N terminal pro  type natriuretic peptide (NT-proBNP) assay on the Elecsys 1010 and 2010 analysers.},
 journal = {Eur J eart Fail},
 volume = 6,
 pages = {365-368},
},
@article{bib273,
author = {Barnes and  Collinson PO and Galasko G et al },
 year = 2004,
 title = {Evaluation of N-terminal pro-B type natriuretic eptide analysis on the Elecsys 1010 and 2010 analysers.},
 journal = {Ann Clin Biochem},
 volume = 41,
 pages = {459-463},
},
@article{bib274,
author = {Prontera and  Emdin M and Zucchelli GC et al },
 year = 2004,
 title = {Analytical performance and diagnostic accuracy of a fully-automated electrochemiluminescent assay for the N-terminal fragment of the ro-peptide of brain natriuretic peptide in patients with cardiomyopathy: comparison with mmunoradiometric assay methods for brain natriuretic peptide and atrial natriuretic peptide.},
 journal = {Clin Chem Lab Med},
 volume = 42,
 pages = {37-44},
},
@article{bib275,
author = {Sokoll and  Baum H and Collinson PO et al },
 year = 2004,
 title = {Multicenter analytical performance evaluation f the Elecsys proBNP assay.},
 journal = {Clin Chem Lab Med},
 volume = 42,
 pages = {965-972},
},
@article{bib276,
 author = {Goetze},
 year = 2004,
 title = {Biochemistry of pro-B-type natriuretic peptide-derived peptides: the ndocrine heart revisited.},
 journal = {Clin Chem},
 volume = 50,
 pages = {1503-1510},
},
@article{bib277,
author = {Shimizu and  Masuta K and Aono K et al },
 year = 2002,
 title = {Molecular forms of human brain natriuretic peptide in plasma.},
 journal = {Clin Chim Acta},
 volume = 316,
 pages = {129-135},
},
@article{bib278,
author = {Shimizu and  Masuta K and Asada H et al },
 year = 2003,
 title = {Characterization of molecular forms of probrain atriuretic peptide in human plasma.},
 journal = {Clin Chim Acta},
 volume = 334,
 pages = {233-239},
},
@article{bib279,
author = {Hunt and  Espiner EA and Nicholls MG et al },
 year = 1997,
 title = {The role of the circulation in processing ro-brain natriuretic peptide (proBNP) to amino-terminal BNP and BNP-32.},
 journal = {Peptides},
 volume = 18,
 pages = {1475-1481},
},
@article{bib280,
author = {Seidler and  Pemberton C and Yandle T et al },
 year = 1999,
 title = {The amino terminal regions of proBNP and roANP oligomerise through leucine zipper-like coiled-coil motifs.},
 journal = {Biochem Biophys Res ommun},
 volume = 255,
 pages = {495-501},
},
@article{bib281,
 author = {Crimmins},
 year = 2005,
 title = {N-terminal proBNP is a monomer.},
 journal = {Clin Chem},
 volume = 51,
 pages = {1035-1038},
},
@article{bib282,
author = {Shimizu and  Aono K and Masuta K et al },
 year = 2001,
 title = {Degradation of human brain natriuretic peptide BNP) by contact activation of blood coagulation system.},
 journal = {Clin Chim Acta},
 volume = 305,
 pages = {181-186},
},
@article{bib283,
author = {Belenky and  Smith A and Zhang B et al },
 year = 2004,
 title = {The effect of class-specific protease inhibitors on he stabilization of B-type natriuretic peptide in human plasma.},
 journal = {Clin Chim Acta},
 volume = 340,
 pages = {163-172},
},
@article{bib284,
 author = {Ala-Kopsala, Magga J, Peuhkurinen K et al },
 year = 2004,
 title = {Molecular heterogeneity has a major mpact on the measurement of circulating N-terminal fragments of A- and B-type natriuretic peptides.},
 journal = {Clin Chem},
 volume = 50,
 pages = {1576-1588},
},
@article{bib285,
author = {Goetze and  Kastrup J and Pedersen F and Rehfeld JF },
 year = 2002,
 title = {Quantification of pro-B-type natriuretic eptide and its products in human plasma by use of an analysis independent of precursor processing.},
 journal = {Clin Chem},
 volume = 48,
 pages = {1035-1042},
},
@article{bib286,
 author = {Panteghini},
 year = 2004,
 title = {Current concepts in standardization of cardiac markers immunoassay.},
 journal = {lin Chem Lab Med},
 volume = 42,
 pages = {3-8},
},
@article{bib287,
author = {Emdin and  Clerico A and Clemenza F et al },
 year = 2005,
 title = {Recommendations for the clinical use of cardiac atriuretic peptides.},
 journal = {Ital Heart J},
 volume = 6,
 pages = {430-446},
},
@article{bib288,
author = {Apple and  Panteghini M and Ravkilde J et al },
 year = 2005,
 title = {Quality specifications for B-type natriuretic eptide assays.},
 journal = {Clin Chem},
 volume = 51,
 pages = {486-493},
},
@article{bib289,
author = {Daghfal and  Kelly P and Foreman P et al },
 year = 2004,
 title = {Analytical performance evaluation of the Abbott xSYM assay.},
 journal = {Clin Chem 50(suppl):A22},
},
@article{bib290,
author = {Beyne and  Benoit MO and Cambillau M et al },
 year = 2005,
 title = {Multicenter analytical performance of Triage ccess BNP assay.},
journal = { Clin Chim Acta 355(suppl):S120},
},
@article{bib291,
author = {Oswal and  Inn M and Jarvinen C and Devaraj S },
 year = 2005,
 title = {Evaluation of a rapid automated immunoassay or B-type natriuretic peptide (BNP) - comparison with the Biosite Triage BNP assay.},
journal = { Clin hem 51(suppl):A21},
},
@article{bib292,
author = {Wei and  Tuhy P and Bantum L et al },
 year = 2004,
 title = {Development of an automated immunoassay for NT-proBNP on the Dade Behring Dimension clinical chemistry system.},
journal = { Clin Chem 50(suppl):A13},
},
@article{bib293,
author = {Smith and  Wu AH },
 year = 2003,
 title = {Analytical performance evaluation of the Bayer Advia Centaur BNP mmunoassay.},
journal = { Clin Chem 49(suppl):A71},
},
@article{bib294,
author = {Shimizu and  Aono K and Masuta K et al },
 year = 1999,
 title = {Stability of brain natriuretic peptide (BNP) in uman blood samples.},
 journal = {Clin Chim Acta},
 volume = 285,
 pages = {169-172},
},
@article{bib295,
author = {Daghfal and  Parsons R and Kelly P et al },
 year = 2004,
 title = {Stability of BNP in whole blood and plasma.},
journal = { Clin hem 50(suppl):A3},
},
@article{bib296,
author = {Mueller and  Gegenhuber A and Dieplinger B et al },
 year = 2004,
 title = {Long-term stability of endogenous Btype natriuretic peptide (BNP) and amino terminal proBNP (NT-proBNP) in frozen plasma samples.},
 journal = {Clin Chem Lab Med},
 volume = 42,
 pages = {942-944},
},
@article{bib297,
author = {Nowatzke and  Cole TG },
 year = 2003,
 title = {Stability of N-terminal pro-brain natriuretic peptide after torage frozen for one year and after multiple freeze thaw cycles.},
 journal = {Clin Chem},
 volume = 49,
 pages = {1560-1562},
},
@article{bib298,
 Del Ry S, Maltinti M, Emdin M et al
 year = 2005,
 title = {Radioimmunoassay for plasma C-type natriuretic eptide determination: a methodological evaluation.},
 journal = {Clin Chem Lab Med},
 volume = 43,
 pages = {641-645},
},
@article{bib299,
author = {Piao and  Park SH and Han JH et al },
 year = 2004,
 title = {Dendroaspis natriuretic peptide and its functions in pig varian granulosa cells.},
 journal = {Regul Pept},
 volume = 118,
 pages = {193-198},
},
@article{bib2100,
author = {Carstens and  Jensen KT and Ivarsen P et al },
 year = 1997,
 title = {Development of a urodilatin-specific antibody and adioimmunoassay for urodilatin in human urine.},
 journal = {Clin Chem},
 volume = 43,
 pages = {638-643},
},
@article{bib2101,
 author = {Schulz-Knappe and Forssmann K and Hock D et al },
 year = 1988,
 title = {Isolation and structural analysis of urodilatin”, a new peptide of the cardiodilatin-(ANP)-family, extracted from human urine.},
 journal = {lin Wochenschr},
 volume = 66,
 pages = {752-759},
},
@article{bib2102,
 author = {Vesely},
 year = 2003,
 title = {Natriuretic peptides and acute renal failure.},
 journal = {Am J Physiol Renal Physiol},
 volume = 285,
 pages = {F167-177},
},
@article{bib2103,
author = {Schweitz and  Vigne P and Moinier D et al },
 year = 1992,
 title = {A new member of the natriuretic peptide family s present in the venom of the green mamba (Dendroaspis angusticeps).},
 J Biol Chem 267:1392813932
},
@article{bib2104,
author = {Richards and  Lainchbury JG and Nicholls MG et al },
 year = 2002,
 title = {Dendroaspis natriuretic peptide: ndogenous or dubious?},
 journal = {Lancet},
 volume = 359,
 pages = {5-6},
},
@article{bib2105,
author = {Sudoh and  Minamino N and Kangawa K and Matsuo H },
 year = 1990,
 title = {C-Type natriuretic peptide (CNP): a ew member of the natriuretic peptide family identified in porcine brain.},
 journal = {Biochem Biophys es Commun},
 volume = 168,
 pages = {863-870},
},
@article{bib2106,
author = {Barr and  Rhodes P and Struthers AD },
 year = 1996,
 title = {C-Type natriuretic peptide.},
 journal = {Peptides},
 volume = 17,
 pages = {1243-1251},
},
@article{bib2107,
author = {Chen and  Burnett JC Jr },
 year = 1998,
 title = {C-type natriuretic peptide: the endothelial component of the atriuretic peptide system.},
journal = { J Cardiovasc Pharmacol 32(suppl 3):S22-28},
},
@article{bib2108,
author = {Kalra and  Anker SD and Struthers AD and Coats AJS },
 year = 2001,
 title = {The role of C-type natriuretic peptide in ardiovascular medicine.},
 journal = {Eur Heart J},
 volume = 22,
 pages = {997-1007},
},
@article{bib2109,
 Takei
 year = 2001,
 title = {Does the natriuretic peptide system exist throughout the animal and plant ingdom?},
 journal = {Comp Biochem Physiol Part B},
 volume = 129,
 pages = {559-573},
},
@article{bib2110,
author = {Loretz and  Pollina C },
 year = 2000,
 title = {Natriuretic peptides in fish physiology.},
 journal = {Comp Biochem Physiol art A},
 volume = 125,
 pages = {169-187},
},
@article{bib2111,
author = {Prickett and  Yandle TG and Nicholls MG et al },
 year = 2001,
 title = {Identification of amino-terminal pro-Ctype natriuretic peptide in human plasma.},
 journal = {Biochem Biophys Res Commun},
 volume = 286,
 pages = {513-517},
},
@article{bib2112,
 D’Souza, Davis M, Baxter GF
 year = 2004,
 title = {Autocrine and paracrine actions of natriuretic peptides in the heart.},
 journal = {Pharmacol Ther},
 volume = 101,
 pages = {113-129},
},
@article{bib2113,
 author = {Baxter},
 year = 2004,
 title = {The natriuretic peptides.},
 journal = {Basic Res Cardiol},
 volume = 99,
 pages = {71-75},
},
@article{bib2114,
author = {Ahluwalia and  Hobbs AJ },
 year = 2005,
 title = {Endothelium-derived C-type natriuretic peptide: more than ust a hyperpolarized factor.},
 journal = {Trends Pharmacol Sci},
 volume = 26,
 pages = {162-167},
},
@article{bib2115,
author = {Scotland and  Ahluwalia A and Hobbs AJ },
 year = 2005,
 title = {C-type natriuretic peptide in vascular physiology and disease.},
 journal = {Pharmacol Ther},
 volume = 105,
 pages = {85-93},
},
@article{bib2116,
author = {Furuya and Yoshida M and Hayashi Y et al },
 year = 1991,
 title = {C-type natriuretic peptide is a growth inhibitor f rat vascular smooth muscle cells.},
 journal = {Biochem Biophys Res Commun},
 volume = 177,
 pages = {927-931},
},
@article{bib2117,
author = {Morishige and  Shimokawa H and Yamawaki T et al },
 year = 2000,
 title = {Local adenovirus-mediated transfer of -type natriuretic peptide suppresses vascular remodeling in porcine coronary arteries in vivo.},
 journal = { Am Coll Cardiol},
 volume = 35,
 pages = {1040-1047},
},
@article{bib2118,
author = {Ohno and  Itoh H and Ikeda T et al },
 year = 2002,
 title = {Accelerated reendothelialization with suppressed thrombogenic property and neointimal hyperplasia of rabbit jugular vein grafts by adenovirusmediated gene transfer of C-type natriuretic peptide.},
 journal = {Circulation},
 volume = 105,
 pages = {1623-1626},
},
@article{bib2119,
author = {Qian and  Haruno A and Asada Y et al },
 year = 2002,
 title = {Local expression of C-type natriuretic peptide suppresses inflammation, eliminates shear stress-induced thrombosis, and prevents neointima ormation through enhanced nitric oxide production in rabbit injured carotid arteries.},
 journal = {Circ es},
 volume = 91,
 pages = {1063-1069},
},
@article{bib2120,
author = {Yasuda and  Kanna M and Sakuragi S et al },
 year = 2002,
 title = {Local delivery of single low-dose of C-type natriuretic peptide, an endogenous vascular modulator, inhibits neointimal hyperplasia in a balloon-injured rabbit iliac artery model.},
 journal = {J Cardiovasc Pharmacol},
 volume = 39,
 pages = {784-788},
},
@article{bib2121,
author = {Takeuchi and  Ohmori K and Kondo I et al },
 year = 2003,
 title = {Potentiation of C-type natriuretic peptide with ltrasound and microbubbles to prevent neointimal formation after vascular injury in rats.},
 journal = {ardiovasc Res},
 volume = 58,
 pages = {231-238},
},
@article{bib2122,
author = {Wei and  Heublein DM and Perella MA et al },
 year = 1993,
 title = {Natriuretic peptide system in human heart failure.},
 journal = {Circulation},
 volume = 88,
 pages = {1004-1009},
},
@article{bib2123,
author = {Totsune and  Takahashi K and Murakami O et al },
 year = 1994,
 title = {Elevated plasma C-type natriuretic peptide oncentrations in patients with chronic renal failure.},
 journal = {Clin Sci},
 volume = 87,
 pages = {319-322},
},
@article{bib2124,
author = {Cargill and  Barr CS and Coutie WJ et al },
 year = 1994,
 title = {C-Type natriuretic peptide levels in cor pulmonale nd in congestive cardiac failure.},
 journal = {Thorax},
 volume = 49,
 pages = {1247-1249},
},
@article{bib2125,
author = {Kalra and  Clague JR and Bolger AP et al },
 year = 2003,
 title = {Myocardial production of C-type natriuretic peptide in chronic heart failure.},
 journal = {Circulation},
 volume = 107,
 pages = {571-573},
},
@article{bib2126,
author = {Wright and  Prickett TC and Doughty RN et al },
 year = 2004,
 title = {Amino-terminal pro-C-type natriuretic peptide in heart failure.},
 journal = {Hypertension},
 volume = 43,
 pages = {94-100},
},
@article{bib2127,
 author = {Potter},
 year = 2004,
 title = {CNP, cardiac natriuretic peptide?},
 journal = {Endocrinology},
 volume = 145,
 pages = {2129-2130},
},
@article{bib2128,
author = {Gulberg and  Moller S and Henriksen JH and Gerbes AL },
 year = 2000,
 title = {Increased renal production of C-type natriuretic peptide (CNP) in patients with cirrhosis and functional renal failure.},
 journal = {Gut},
 volume = 47,
 pages = {852-857},
},
@article{bib2129,
 author = {S Del Ry, Passino C, Maltinti M et al },
 year = 2005,
 title = {C-Type natriuretic peptide plasma levels increase n patients with chronic heart failure as a function of clinical severity.},
 journal = {Eur J Heart Fail},
 volume = 7,
 pages = {1145-1148},
},
@article{bib31,
 author = {De Bold and Ma KKY and Zhang Y et al },
 year = 2001,
 title = {The physiological and pathophysiological modulation of the endocrine function of the heart.},
 journal = {(Review) Can J Physiol Pharmacol},
 volume = 79,
 pages = {705-714},
},
@article{bib32,
 author = {Clerico} ,
 year = 2002,
 title = {Pathophysiological and clinical relevance of circulating levels of cardiac natriuretic hormones: is their assay merely a marker of cardiac disease?},
 journal = {(Opinion Article) Clin Chem Lab Med},
 volume = 40,
 pages = {752-760},
},
@article{bib33,
 author = {Ruskoaho} ,
 year = 2003,
 title = {Cardiac hormones as diagnostic tools in heart failure.},
 journal = {(Review) Endocr Rev},
 volume = 24,
 pages = {341-356},
},
@article{bib34,
 author = {de Lemos and McGuire DK and Drazner MH },
 year = 2003,
 title = {B-type natriuretic peptide in cardiovascular disease.},
 journal = {(Review) Lancet},
 volume = 362,
 pages = {316-322},
},
@article{bib35,
 author = {Clerico and Emdin M },
 year = 2004,
 title = {Diagnostic accuracy and prognostic relevance of the measurement of the cardiac natriuretic peptides: a review.},
 journal = {(Review) Clin Chem},
 volume = 50,
 pages = {33-50},
},
@article{bib36,
author = {Goetze} ,
 year = 2004,
 title = {Biochemistry of pro-B-type natriuretic peptide-derived peptides: the endocrine heart revisited.},
 journal = {(Review) Clin Chem},
 volume = 9,
 pages = {1503-1510},
},
@article{bib37,
 author = {Clerico and Del Ry S and Maffei S et al },
 year = 2002,
 title = {Circulating levels of cardiac natriuretic hormones in healthy adult subjects: effects of aging and sex.},
 journal = {Clin Chem Lab Med},
 volume = 40,
 pages = {371-377},
},
@article{bib38,
 author = {Redfield and Rodeheffer RJ and Jacobsen SJ et al },
 year = 2002,
 title = {Plasma brain natriuretic peptide concentration: impact of age and gender.},
 journal = {J Am Coll Cardiol},
 volume = 40,
 pages = {976-982},
},
@article{bib39,
 author = {Vasan and Benjamin EJ and Larson MG et al },
 year = 2002,
 title = {Plasma natriuretic peptides for community screening for left ventricular hypertrophy and systolic dysfunction.},
 journal = {JAMA},
 volume = 288,
 pages = {1252-1259},
},
@article{bib310,
 author = {Wang and Larson MG and Levy D et al },
 year = 2002,
 title = {Impact of age and sex on plasma natriuretic peptide levels in healthy adults.},
 journal = {Am J Cardiol},
 volume = 90,
 pages = {254-258},
},
@article{bib311,
author = {Friesinger} ,
 year = 1999,
 title = {Cardiovascular disease in the elderly.},
 journal = {(Review) Cardiol Clin},
 volume = 17,
 pages = {35-49},
},
@article{bib312,
 author = {De Bold and Bruneau BG and Kuroski de Bold ML },
 year = 1996,
 title = {Mechanical and neuroendocrine regulation of the endocrine heart.},
 journal = {(Review) Cardiovasc Res},
 volume = 31,
 pages = {7-18},
},
@article{bib313,
 author = {Kuroski de Bold} ,
 year = 1999,
 title = {Estrogen, natriuretic peptides and the renin-angiotensin system.},
 journal = {(Review) Cardiovasc Res},
 volume = 41,
 pages = {524-531},
},
@article{bib314,
 author = {Maffei and Del Ry S and Prontera C and Clerico A },
 year = 2001,
 title = {Increase in circulating levels of cardiac natriuretic peptides after hormone replacement therapy in postmenopausal women.},
 journal = {Clin Sci},
 volume = 101,
 pages = {447-453},
},
@article{bib315,
 author = {Sayama and Nakamura Y and Saito N and Kinoshita M },
 year = 1999,
 title = {Why is the concentration of plasma brain natriuretic peptide in elderly inpatients greater than normal?},
 journal = {Coron Artery Dis},
 volume = 10,
 pages = {537-540},
},
@article{bib316,
 author = {Ueda and Yokouchi M and Suzuki T et al },
 year = 2003,
 title = {Prognostic value of high plasma brain natriuretic peptide concentrations in very elderly persons.},
 journal = {Am J Med},
 volume = 114,
 pages = {266-270},
},
@article{bib317,
 author = {Giannessi and Andreassi MG and Del Ry S et al },
 year = 2001,
 title = {Possibility of age regulation of the natriuretic peptide C-receptor in human platelets.},
 journal = {J Endocrinol Invest},
 volume = 24,
 pages = {8-16},
},
@article{bib318,
 author = {Clerico and Del Ry S and Giannessi D },
 year = 2000,
 title = {Measurement of natriuretic cardiac hormones (ANP, BNP, and related peptides) in clinical practice: the need for a new generation of immunoassay methods.},
 journal = {(Review) Clin Chem},
 volume = 46,
 pages = {1529-1534},
},
@article{bib319,
 author = {Hammerer-Lercher and Neubauer E and Muller S et al },
 year = 2001,
 title = {Head-to-head comparison of N-terminal pro-brain natriuretic peptide, brain natriuretic peptide and N-terminal pro-atrial natriuretic peptide in diagnosing left ventricular dysfunction.},
 journal = {Clin Chim Acta},
 volume = 310,
 pages = {193-197},
},
@article{bib320,
 author = {Prontera and Emdin M and Zucchelli GC et al },
 year = 2003,
 title = {Fully-automated NT-proBNP and IRMA methods for BNP and ANP in heart failure and healthy subjects.},
 journal = {(Letter) Clin Chem},
 volume = 49,
 pages = {1552-1554},
},
@article{bib321,
 author = {Clerico and Prontera C and Emdin M et al },
 year = 2005,
 title = {Analytical performance and diagnostic accuracy of immunometric assays for the measurement of plasma BNP and NT-proBNP concentrations.},
 journal = {Clin Chem},
 volume = 51,
 pages = {445-447},
},
@article{bib322,
 author = {Clerico and Caprioli R and Del Ry S and Giannessi D },
 year = 2001,
 title = {Clinical relevance of cardiac natriuretic peptides measured by means of competitive and non-competitive immunoassay methods in patients with renal failure on chronic hemodialysis.},
 journal = {J Endocrinol Invest},
 volume = 24,
 pages = {24-30},
},
@article{bib323,
 author = {Ylitalo and Uusimaa P and Vuolteenaho O et al },
 year = 1999,
 title = {Vasoactive peptide release in relation to hemodynamic and metabolic changes during rapid ventricular pacing.},
 journal = {Pacing Clin Electrophysiol},
 volume = 22,
 pages = {1064-1070},
},
@article{bib324,
 author = {Clerico and Iervasi G },
 year = 1995,
 title = {Alterations in metabolic clearance of atrial natriuretic peptides in heart failure: how do they relate to the resistance to atrial natriuretic peptides?},
 journal = {(Review) J Card Fail},
 volume = 1,
 pages = {323-328},
},
@article{bib325,
 author = {Charloux and Piquard F and Doutreleau S et al },
 year = 2003,
 title = {Mechanisms of renal hyporesponsiveness to ANP in heart failure.},
 journal = {(Review) Eur J Clin Invest},
 volume = 33,
 pages = {769-778},
},
@article{bib326,
 author = {Clerico and Iervasi G and Pilo A },
 year = 2000,
 title = {Turnover studies on cardiac natriuretic peptides: methodological, pathophysiological and therapeutical considerations.},
 journal = {(Review) Curr Drug Metab},
 volume = 1,
 pages = {85-105},
},
@article{bib327,
 author = {Clerico and Iervasi G },
 year = 1995,
 title = {Alterations in metabolic clearance of atrial natriuretic peptides in heart failure: how do they relate to the resistance to atrial natriuretic peptides?},
 journal = {J Card Fail},
 volume = 1,
 pages = {323-328},
},
@article{bib328,
 author = {Cody and Atlas SA and Laragh JH et al },
 year = 1986,
 title = {Atrial natriuretic factor in normal subjects and heart failure patients: plasma levels and renal, hormonal and hemodynamic responses to peptide infusion.},
 journal = {J Clin Invest},
 volume = 78,
 pages = {1362-1374},
},
@article{bib329,
 author = {Saito and Nakao K and Nishimura K et al },
 year = 1987,
 title = {Clinical application of atrial natriuretic polypeptide in patients with congestive heart failure: beneficial effects on left ventricular function.},
 journal = {Circulation},
 volume = 76,
 pages = {115-124},
},
@article{bib330,
 author = {Komeichi and Moreau R and Cailmail S et al },
 year = 1995,
 title = {Blunted natriuresis and abnormal systemic hemodynamic responses to C-type and brain natriuretic peptides in rats with cirrhosis.},
 journal = {J Hepatol},
 volume = 22,
 pages = {319-325},
},
@article{bib331,
author = {Zeidel} ,
 year = 2000,
 title = {Physiological responses to natriuretic hormones. In: Fray JCS, Goodman HM (eds) Handbook of physiology, Section 7, The endocrine system, Volume III: Endocrine regulation of water and electrolyte balance.},
 Oxford University Press, New York, pp 410-435
},
@article{bib332,
 author = {Iervasi and Clerico A and Berti S et al },
 year = 1995,
 title = {Altered tissue degradation and distribution of atrial natriuretic peptide in patients with idiopathic dilated cardiomyopathy and its relationship with clinical severity of the disease and sodium handling.},
 journal = {Circulation},
 volume = 91,
 pages = {2018-2027},
},
@article{bib333,
 author = {Clerico and Iervasi G and Pilo A },
 year = 2005,
 title = {Turnover studies on cardiac natriuretic peptides: methodological, pathophysiological and therapeutical considerations.},
 journal = {Curr Drug Metab},
 volume = 1,
 pages = {85-105},
},
@article{bib334,
 author = {Apple and Panteghini M and Ravkilde J et al },
 year = 2005,
 title = {Quality specifications for B-type natriuretic peptide assays.},
 journal = {Clin Chem},
 volume = 51,
 pages = {486-493},
},
@article{bib335,
 author = {Panteghini and Clerico A },
 year = 2004,
 title = {Understanding the clinical biochemistry of N-terminal pro-B-type natriuretic peptide: the prerequisite for its optimal clinical use.},
 journal = {(Review) Clin Lab }
 volume = 50,
 pages = {325-331},
},
@article{bib336,
 author = {Belenky and Smith A and Zhang B et al },
 year = 2004,
 title = {The effect of class-specific protease inhibitors on the stabilization of B-type natriuretic peptide in human plasma.},
 journal = {Clin Chim Acta},
 volume = 340,
 pages = {163-172},
},
@article{bib337,
 author = {Shimizu and Masuta K and Aono K et al },
 year = 2002,
 title = {Molecular forms of human brain natriuretic peptide in plasma.},
 journal = {Clin Chim Acta},
 volume = 316,
 pages = {129-135},
},
@article{bib338,
 author = {Shimizu and Masuta K and Asada H et al },
 year = 2003,
 title = {Characterization of molecular forms of probrain natriuretic peptide in human plasma.},
 journal = {Clin Chim Acta},
 volume = 334,
 pages = {233-239},
},
@article{bib339,
 author = {Trindade and Rouleau JL },
 year = 2001,
 title = {Vasopeptidase inhibitors: potential role in the treatment of heart failure.},
 journal = {(Review) Heart Fail Monit},
 volume = 2,
 pages = {2-7},
},
@article{bib340,
author = {Sagnella} ,
 year = 2002,
 title = {Vasopeptidase inhibitors.},
 journal = {(Review) J Renin Angiotensin Aldosterone Syst},
 volume = 3,
 pages = {90-95},
},
@article{bib341,
 author = {Dawson and Struthers AD },
 year = 2002,
 title = {Vasopeptidase inhibitors in heart failure.},
 journal = {(Review) J Renin Angiotensin Aldosterone Syst},
 volume = 3,
 pages = {156-159},
},
@article{bib342,
author = {Floras} ,
 year = 2002,
 title = {Vasopeptidase inhibition: a novel approach to cardiovascular therapy.},
 journal = {(Review) Can J Cardiol},
 volume = 18,
 pages = {177-182},
},
@article{bib343,
 author = {Andreassi and Del Ry S and Palmieri C et al },
 year = 2001,
 title = {Up-regulation of ‘clearance’ receptors in patients with chronic heart failure: a possible explanation for the resistance to biological effects of cardiac natriuretic hormones.},
 journal = {Eur J Heart Fail },
 volume = 3,
 pages = {407-414},
},
@article{bib344,
 author = {Tsunoda and Mendelsoohn FAO and Sexton PM et al },
 year = 1988,
 title = {Decreased atrial natriuretic peptide binding in renal medulla in rats with chronic heart failure.},
 journal = {Circ Res},
 volume = 62,
 pages = {155-161},
},
@article{bib345,
 author = {Tsutamoto and Kanamory T and Morigami N et al },
 year = 1993,
 title = {Possibility of downregulation of atrial natriuretic peptide receptor coupled to guanylate cyclase in peripheral vascular beds of patients with chronic severe heart failure.},
 journal = {Circulation},
 volume = 87,
 pages = {70-75},
},
@article{bib346,
 author = {Mukkaddam-Daher and Tremblay J and Fujio N et al },
 year = 1996,
 title = {Alteration of lung atrial natriuretic peptide receptors in genetic cardiomyopathy.},
 journal = {Am J Physiol},
 volume = 271,
 pages = {138-145},
},
@article{bib347,
 author = {Kuhn and Voss M and Mitko D et al },
 year = 2004,
 title = {Left ventricular assist device support reverses altered cardiac expression and function of natriuretic peptides and receptors in end-stage heart failure.},
 journal = {Cardiovasc Res},
 volume = 64,
 pages = {308-314},
},
@article{bib348,
 author = {Fan and Bryan PM and Antos LK et al },
 year = 2004,
 title = {Downregulation does not mediate natriuretic peptidedependent desensitization of NPR-A or NPR-B: guanylyl cyclase-linked natriuretic peptide receptors do not internalize.},
 journal= {Mol Pharmacol (printed online Sept 30, 2004)}
},
@article{bib349,
 author = {Bryan and Potter LR },
 year = 2002,
 title = {The atrial natriuretic peptide receptor (NPR-A/GC-A) is dephosphorylated by distinct microcystin-sensitive and magnesium-dependent protein phosphatases.},
 journal = {J Biol Chem},
 volume = 277,
 pages = {16041-16047},
},
@article{bib350,
 author = {Potter and Hunter T },
 year = 1998,
 title = {Phosphorylation of the kinase homology domain is essential for activation of the A-type natriuretic peptide receptor.},
 journal = {Mol Cell Biol},
 volume = 18,
 pages = {2164-2172},
},
@article{bib351,
 author = {Dessi-Fulgheri and Sarzani R and Rappelli A },
 year = 1998,
 title = {The natriuretic peptide system in obesity-related hypertension: new pathophysiological aspects.},
 journal = {J Nephrol},
 volume = 11,
 pages = {296-299},
},
@article{bib352,
 author = {Sarzani and Strazzullo P and Salvi F et al },
 year = 2004,
 title = {Natriuretic peptide clearance receptor alleles and susceptibility to abdominal adiposity.},
 journal = {Obes Res},
 volume = 12,
 pages = {351-356},
},
@article{bib353,
 author = {Mehra and Uber PA and Park MH et al },
 year = 2004,
 title = {Obesity and suppressed B-type natriuretic peptide levels in heart failure.},
 journal = {J Am Coll Cardiol},
 volume = 43,
 pages = {1590-1595},
},
@article{bib354,
 author = {Wang and Larson MG and Levy D et al },
 year = 2004,
 title = {Impact of obesity on plasma natriuretic peptide levels.},
 journal = {Circulation},
 volume = 109,
 pages = {594-600},
},
@article{bib355,
 author = {Ahluwalia and MacAllister RJ and Hobbs AJ },
 year = 2004,
 title = {Vascular actions of natriuretic peptides. Cyclic GMP-dependent and -independent mechanisms.},
 journal = {Basic Res Cardiol},
 volume = 99,
 pages = {83-89},
},
@article{bib356,
 author = {Drewett and Ziegler RJ and Trachte GJ },
 year = 1990,
 title = {Neuromodulatory effects of atrial natriuretic factor are independent of guanylate cyclase in adrenergic neuronal pheochromocytoma cells.},
 journal = {J Pharmacol Exp Ther},
 volume = 255,
 pages = {497-503},
},
@article{bib357,
 author = {Anand-Srivastava and Sairam MR and Cantin M },
 year = 1988,
 title = {Ring-deleted analogs of atrial natriuretic factor inhibit adenylate cyclase/cAMP system. Possible coupling of clearance atrial natriuretic factor receptors to adenylate cyclase/cAMP signal transduction system.},
 journal = {J Biol Chem},
 volume = 265,
 pages = {8566-8572},
},
@article{bib358,
author = {Packer} ,
 year = 1992,
 title = {The neurohormonal hypothesis: a theory to explain the mechanisms of disease progression in heart failure.},
 journal = {(Review) J Am Coll Cardiol},
 volume = 20,
 pages = {248-254},
},
@article{bib359,
author = {Benedict} ,
 year = 1994,
 title = {Neurohormonal aspects of congestive heart failure.},
 journal = {(Review) Cardiol Clin},
 volume = 12,
 pages = {9-23},
},
@article{bib360,
 author = {Emdin and Passino C and Prontera C et al },
 year = 2004,
 title = {Cardiac natriuretic hormones, neuro-hormones, thyroid hormones and cytokines in normal subjects and patients with heart failure.},
 journal = {Clin Chem Lab Med},
 volume = 42,
 pages = {627-636},
},
@article{bib361,
 author = {Richards and Lainchbury JG and Nicholls MG et al },
 year = 2002,
 title = {BNP in hormone-guided treatment of heart failure.},
 journal = {(Review) Trends Endocrinol Metab},
 volume = 13,
 pages = {151-155},
},
@article{bib362,
 author = {Latini and Masson S and De Angelis N and Anand I },
 year = 2002,
 title = {Role of brain natriuretic peptide in the diagnosis and management of heart failure: current concepts.},
 journal = {(Review) J Card Fail},
 volume = 8,
 pages = {288-299},
},
@article{bib363,
 author = {Richards and Troughton RW },
 year = 2004,
 title = {NT-proBNP in heart failure: therapy decisions and monitoring.},
 journal = {(Review) Eur J Heart Fail},
 volume = 6,
 pages = {351-354},
},
@article{bib364,
author = {Bettencourt} ,
 year = 2004,
 title = {NT-proBNP and BNP: biomarkers for heart failure management.},
 journal = {(Review) Eur J Heart Fail},
 volume = 6,
 pages = {359-363},
},
@article{bib365,
 author = {Cowie and Mendez GF },
 year = 2002,
 title = {BNP and congestive heart failure.},
 journal = {(Review) Prog Cardiovasc Dis},
 volume = 44,
 pages = {293-321},
},
@article{bib366,
 author = {Nakamura and Endo H and Nasu M et al },
 year = 2002,
 title = {Value of plasma B type natriuretic peptide measurement for heart disease screening in a Japanese population.},
 journal = {Heart},
 volume = 87,
 pages = {131-135},
},
@article{bib367,
 author = {Kawai and Hata K and Tanaka K et al },
 year = 2004,
 title = {Attenuation of biological compensatory action of cardiac natriuretic peptide system with aging.},
 journal = {Am J Cardiol},
 volume = 93,
 pages = {719-723},
},
@article{bib368,
 year = 2001,
 title = {American Heart Association Task Force on Practice Guidelines. Evaluation and management of chronic heart failure in the adult.ACC/AHA Practice Guidelines},
},
@article{bib369,
 author = {Remme and Swedberg K },
 year = 2001,
 title = {Task Force Report. Guidelines for the diagnosis and treatment of chronic heart failure.},
 journal = {Eur Heart J},
 volume = 22,
 pages = {1527-1560},
},
@article{bib370,
 year = 2003,
 title = {Clinical Guideline 5. Chronic heart failure. Management of chronic heart failure in adults in primary and secondary care.},
},
@article{bib371,
author = {Bossuyt} ,
 year = 2003,
 title = {Study design and quality of evidence. In: Price CP, Christenson RH (eds) Evidence-based laboratory medicine. From principles to outcome.},
 journal = {AACC Press, Washington DC, pp 75-92}
},
@article{bib372,
 author = {Doust and Glasziou PP and Pietrzak E and Dobson AJ },
 year = 2004,
 title = {A systematic review of the diagnostic accuracy of natriuretic peptides for heart failure.},
 journal = {(Review) Arch Intern Med},
 volume = 164,
 pages = {1978-1984},
},
@article{bib373,
 author = {Logeart and Saudubray C and Beyne P et al },
 year = 2002,
 title = {Comparative values of Doppler echocardiography and B-type natriuretic peptide assay in the etiologic diagnosis of acute dyspnea.},
 journal = {J Am Col Cardiol},
 volume = 40,
 pages = {1794-1800},
},
@article{bib374,
 author = {Dokainish and Zoghbi WA and Lakkis NM et al },
 year = 2004,
 title = {Comparative accuracy of B-type natriuretic peptide and tissue Doppler echocardiography in the diagnosis of congestive heart failure.},
 journal = {Am J Cardiol},
 volume = 93,
 pages = {1130-1135},
},
@article{bib375,
 author = {Williams and Ng LL and O’Brien RJ et al },
 year = 2004,
 title = {Comparison of plasma N-brain natriuretic peptide, peak oxygen consumption, and left ventricular ejection fraction for severity of chronic heart failure.},
 journal = {Am J Cardiol},
 volume = 93,
 pages = {1560-1561},
},
@article{bib376,
 author = {Galvani and Ferrini D and Ottani T },
 year = 2004,
 title = {Natriuretic peptides for risk stratification of patients with acute coronary syndromes.},
 journal = {(Review) Eur J Heart Fail},
 volume = 6,
 pages = {327-333},
},
@article{bib377,
 author = {Jernberg and James S and Lindahl B et al },
 year = 2004,
 title = {Natriuretic peptides in unstable coronary artery disease.},
 journal = {(Review) Eur Heart J},
 volume = 25,
 pages = {1486-1493},
},
@article{bib378,
 author = {Wiviott and de Lemos JA and Morrow DA },
 year = 2004,
 title = {Pathophysiology, prognostic significance and clinical utility of B-type natriuretic peptide in acute coronary syndromes.},
 journal = {(Review) Clin Chim Acta},
 volume = 346,
 pages = {119-128},
},
@article{bib379,
author = {Kellett} ,
 year = 2004,
 title = {Prediction of in-hospital mortality by brain natriuretic peptide levels and other independent variables in acutely ill patients with suspected heart disease.},
 journal = {Can J Cardiol},
 volume = 20,
 pages = {686-690},
},
@article{bib380,
 author = {Kruger and Graf J and Merx MW et al },
 year = 2004,
 title = {Brain natriuretic peptide predicts right heart failure in patients with acute pulmonary embolism.},
 journal = {Am Heart J},
 volume = 147,
 pages = {60-65},
},
@article{bib381,
 author = {Kucher and Printzen G and Goldhaber SZ },
 year = 2003,
 title = {Prognostic role of brain natriuretic peptide in acute pulmonary embolism.},
 journal = {Circulation},
 volume = 107,
 pages = {2545-2547},
},
@article{bib382,
 author = {ten Wolde and Tulevski II and Mulder JW et al },
 year = 2003,
 title = {Brain natriuretic peptide as a predictor of adverse outcome in patients with pulmonary embolism.},
 journal = {Circulation},
 volume = 107,
 pages = {2082-2084},
},
@article{bib383,
 author = {Nagaya and Nishikimi T and Uematsu M et al },
 year = 2000,
 title = {Plasma brain natriuretic peptide as a prognostic indicator in patients with primary pulmonary hypertension.},
 journal = {Circulation},
 volume = 102,
 pages = {865-870},
},
@article{bib384,
author = {Vesely} ,
 year = 2003,
 title = {Natriuretic peptides and acute renal failure.},
 journal = {(Review) Am J Physiol Renal Physiol},
 volume = 285,
 pages = {F167-177},
},
@article{bib385,
 author = {McCullough and Kuncheria J and Mathur VS },
 year = 2004,
 title = {Diagnostic and therapeutic utility of B-type natriuretic peptide in patients with renal insufficiency and decompensated heart failure.},
 journal = {(Review) Rev Cardiovasc Med},
 volume = 5,
 pages = {16-25},
},
@article{bib386,
 author = {Castillo and Zagler A and Carrillo-Jimenez R and Hennekens CH },
 year = 2004,
 title = {Brain natriuretic peptide: a potential marker for mortality in septic shock.},
 journal = {Int J Infect Dis},
 volume = 8,
 pages = {271-274},
},
@article{bib387,
 author = {Palladini and Campana C and Klersy C et al },
 year = 2003,
 title = {Serum N-terminal pro-brain natriuretic peptide is a sensitive marker of myocardial dysfunction in AL amyloidosis.},
 journal = {Circulation},
 volume = 107,
 pages = {2440-2445},
},
@article{bib388,
 author = {Yasutake and Seino Y and Kashiwagi M et al },
 year = 2005,
 title = {Detection of cardiac sarcoidosis using cardiac markers and myocardial integrated backscatter.},
 journal = {Int J Cardiol},
 volume = 102,
 pages = {259-268},
},
@article{bib389,
 author = {Bhalla and Chiang A and Epshteyn VA et al },
 year = 2004,
 title = {Prognostic role of B-type natriuretic peptide levels in patients with type 2 diabetes mellitus.},
 journal = {J Am Coll Cardiol},
 volume = 44,
 pages = {1047-1052},
},
@article{bib390,
 author = {Takeda and Fukutomi T and Suzuki S et al },
 year = 2004,
 title = {Effects of carvedilol on plasma B-type natriuretic peptide concentration and symptoms in patients with heart failure and preserved ejection fraction.},
 journal = {Am J Cardiol},
 volume = 94,
 pages = {448-453},
},
@article{bib391,
 author = {Sackett and Haynes RB },
 year = 2002,
 title = {The architecture of diagnostic research.},
 journal = {Br Med J},
 volume = 324,
 pages = {539-541},
},
@article{bib392,
 author = {Nielsen and McDonagh TA and Robb SD and Dargie HJ },
 year = 2003,
 title = {Retrospective analysis of the costeffectiveness of using plasma brain natriuretic peptide in screening for left ventricular systolic dysfunction in the general population.},
 journal = {J Am Coll Cardiol},
 volume = 41,
 pages = {113-120},
},
@article{bib393,
 author = {Sim and Hampton D and Phillips C et al },
 year = 2003,
 title = {The use of brain natriuretic peptide as a screening test for left ventricular systolic dysfunction - cost-effectiveness in relation to open access echocardiography.},
 journal = {Fam Pract},
 volume = 20,
 pages = {570-574},
},
@article{bib394,
 author = {Ng and Loke I and Davies JE et al },
 year = 2003,
 title = {Identification of previously undiagnosed left ventricular systolic dysfunction: community screening using natriuretic peptides and electrocardiography.},
 journal = {Eur J Heart Fail},
 volume = 5,
 pages = {775-782},
},
@article{bib395,
author = {Fraser} ,
 year = 2004,
 title = {Inherent biological variation and reference values.},
 journal = {(Review) Clin Chem Lab Med},
 volume = 42,
 pages = {758-764},
},
@article{bib396,
 author = {Cotlove and Harris EK and Williams GZ },
 year = 1970,
 title = {Biological and analytic components of variation in long-term studies of serum constituents in normal subjects. 3. Physiological and medical implications.},
 journal = {Clin Chem},
 volume = 16,
 pages = {1028-1032},
},
@article{bib397,
 author = {Pagani and Stefini F and Panteghini M },
 year = 2003,
 title = {Biological variation in serum concentrations of Nterminal pro-brain natriuretic peptide (NT-proBNP).},
 journal = {(Abstract) Clin Chem},
 volume = 49,
 pages = {A34},
},
@article{bib398,
 author = {Melzi d’Eril and Tagnochetti T and Nauti A et al },
 year = 2003,
 title = {Biological variation of N-terminal probrain natriuretic peptide in healthy individuals.},
 journal = {Clin Chem},
 volume = 49,
 pages = {1554-1555},
},
@article{bib399,
 author = {Wu and Smith A and Wieczorek S et al },
 year = 2003,
 title = {Biological variation for N-terminal pro- and Btype natriuretic peptides and implications for therapeutic monitoring of patients with congestive heart failure.},
 journal = {Am J Cardiol},
 volume = 92,
 pages = {628-631},
},
@article{bib3100,
 author = {Wu and Smith A },
 year = 2004,
 title = {Biological variation of the natriuretic peptides and their role in monitoring patients with heart failure.},
 journal = {Eur J Heart Fail},
 volume = 6,
 pages = {355-358},
},
@article{bib3101,
 author = {Bruins and Fokkema MR and Romer JW et al },
 year = 2004,
 title = {High intraindividual variation of B-type natriuretic peptide (BNP) and amino-terminal proBNP in patients with stable chronic heart failure.},
 journal = {Clin Chem},
 volume = 50,
 pages = {2052-2058},
},
@article{bib3102,
 author = {Vanderheyden and Bartunek J and Goethals M },
 year = 2004,
 title = {Brain and other natriuretic peptides: molecular aspects.},
 journal = {Eur J Heart Fail},
 volume = 6,
 pages = {261-268},
},
@article{bib3103,
 author = {Clerico and Zucchelli GC and Pilo A and Emdin M },
 year = 2005,
 title = {Clinical relevance of biological variation of B-Type natriuretic peptide.},
 journal = {(Letter) Clin Chem},
 volume = 51,
 pages = {925-926},
},
@article{bib3104,
 author = {Remes and Miettinen H and Reunanen A and Pyorala K },
 year = 1991,
 title = {Validity of clinical diagnosis of heart failure in primary health care.},
 journal = {Eur Heart J},
 volume = 12,
 pages = {315-321},
},
@article{bib3105,
 author = {Fox and Cowie MR andWood DA et al },
 year = 2001,
 title = {Coronary artery disease as the cause of incident heart failure in the population.},
 journal = {Eur Heart J},
 volume = 22,
 pages = {228-236},
},
@article{bib3106,
author = {McQueen} ,
 year = 2001,
 title = {Overview of evidence-based medicine: challenges for evidence-based laboratory medicine.},
 journal = {(Review) Clin Chem},
 volume = 47,
 pages = {1536-1546},
},
@article{bib3107,
 author = {Bossuyt and Reitsma JB and Bruns DE et al },
 year = 2003,
 title = {Towards complete and accurate reporting of studies of diagnostic accuracy: the STARD initiative.},
 journal = {Clin Chem},
 volume = 49,
 pages = {1-6},
},
@article{bib3108,
 author = {Omland and Aakvaag A and Vik-Mo H },
 year = 1996,
 title = {Plasma cardiac natriuretic peptide determination as a screening test for the detection of patients with mild left ventricular impairment.},
 journal = {Heart},
 volume = 76,
 pages = {232-237},
},
@article{bib3109,
 author = {Hobbs and Davis RC and Roalfe AK et al },
 year = 2002,
 title = {Reliability of N-terminal pro-brain natriuretic peptide assay in diagnosis of heart failure: cohort study in representative and high risk community populations.},
 journal = {Br Med J},
 volume = 324,
 pages = {1498-1500},
},
@article{bib3110,
 author = {Cowie and Struthers AD and Wood DA et al },
 year = 1997,
 title = {Value of natriuretic peptides in assessment of patients with possible new heart failure in primary care.},
 journal = {Lancet},
 volume = 350,
 pages = {1349-1353},
},
@article{bib3111,
 author = {Maisel and Krishnaswamy P and Nowak RM et al },
 year = 2002,
 title = {Rapid measurement of B-type natriuretic peptide in the emergency diagnosis of heart failure.},
 journal = {N Engl J Med},
 volume = 347,
 pages = {161-167},
},
@article{bib3112,
 author = {Maisel and McCord J and Nowak RM et al },
 year = 2003,
 title = {Bedside B-type natriuretic peptide in the emergency diagnosis of heart failure with reduced or preserved ejection fraction. Results from the Breathing Not Properly Multinational Study.},
 journal = {J Am Coll Cardiol},
 volume = 41,
 pages = {2010-2017},
},
@article{bib3113,
 author = {Fisher and Filzmaier K and Stiegler H et al },
 year = 2001,
 title = {Evaluation of a new, rapid bedside test for qualitative determination of B-type natriuretic peptide.},
 journal = {Clin Chem},
 volume = 47,
 pages = {591-594},
},
@article{bib3114,
 author = {Apple and Trinity E and Steen J et al },
 year = 2003,
 title = {BNP test utilization for CHF in community hospital practice.},
 journal = {Clin Chim Acta},
 volume = 328,
 pages = {191-193},
},
@article{bib3115,
 author = {Bay and Kirk V and Parner J et al },
 year = 2003,
 title = {NT-proBNP: a new diagnostic screening tool to differentiate between patients with normal and reduced left ventricular systolic function.},
 journal = {Heart},
 volume = 89,
 pages = {150-154},
},
@article{bib3116,
 author = {McLean and Tang B and Nalos M et al },
 year = 2003,
 title = {Increased B-type natriuretic peptide (BNP) level is a strong predictor for cardiac dysfunction in intensive care unit patients.},
 journal = {Anaesth Intensive Care},
 volume = 31,
 pages = {21-27},
},
@article{bib3117,
 author = {Richards and Nicholls MG and Yandle TG et al },
 year = 1998,
 title = {Plasma N-terminal pro-brain natriuretic peptide and adrenomedullin: new neurohormonal predictors of left ventricular function and prognosis after myocardial infarction.},
 journal = {Circulation},
 volume = 97,
 pages = {1921-1929},
},
@article{bib3118,
 author = {Yasue andYoshimura M and Sumida H et al },
 year = 1994,
 title = {Localization and mechanism of secretion of Btype natriuretic peptide in comparison with those of A-type natriuretic peptide in normal subjects and patients with heart failure.},
 journal = {Circulation},
 volume = 90,
 pages = {195-203},
},
@article{bib3119,
 author = {Nakagawa and Ogawa Y and Itoh H et al },
 year = 1995,
 title = {Rapid transcriptional activation and early mRNA turnover of brain natriuretic peptide in cardiocyte hypertrophy. Evidence for brain natriuretic peptide as an “emergency” cardiac hormone against ventricular overload.},
 journal = {J Clin Invest},
 volume = 96,
 pages = {1280-1287},
},
@article{bib3120,
 author = {Vasan and Benjamin EJ and Levy D },
 year = 1995,
 title = {Prevalence, clinical features and prognosis of diastolic heart failure: an epidemiologic perspective.},
 journal = {J Am Coll Cardiol},
 volume = 26,
 pages = {1565-1574},
},
@article{bib3121,
 author = {Bonow and Udelson JE },
 year = 1992,
 title = {Left ventricular diastolic dysfunction as a cause of congestive heart failure.},
 journal = {Ann Intern Med},
 volume = 117,
 pages = {502-510},
},
@article{bib3122,
 author = {Grodecki and Klein AL },
 year = 1993,
 title = {Pitfalls in the echo-Doppler assessment of diastolic dysfunction.},
 journal = {Echocardiography},
 volume = 10,
 pages = {213-234},
},
@article{bib3123,
 author = {Suzuki and Yamaoki K and Nakajima O et al },
 year = 2000,
 title = {Screening for cardiac dysfunction in asymptomatic patients by measuring B-type natriuretic peptide levels.},
 journal = {Jpn Heart J},
 volume = 41,
 pages = {205-214},
},
@article{bib3124,
 author = {Maisel and Koon J and Krishnaswamy P et al },
 year = 2001,
 title = {Utility of B-natriuretic peptide as a rapid, pointof-care test for screening patients undergoing echocardiography to determine left ventricular dysfunction. Am Heart J },
 volume = 141,
 pages = {367-374},
},
@article{bib3125,
 author = {Lubien and DeMaria A and Krishnaswamy P et al },
 year = 2002,
 title = {Utility of B-natriuretic peptide in detecting diastolic dysfunction: comparison with Doppler velocity recordings.},
 journal = {Circulation },
 volume = 105,
 pages = {595-601},
},
@article{bib3126,
 author = {Vanderheyden and Goethals M andVerstreken S et al },
 year = 2004,
 title = {Wall stress modulates brain natriuretic peptide production in pressure overload cardiomyopathy.},
 journal = {J Am Coll Cardiol},
 volume = 44,
 pages = {2349-2354},
},
@article{bib3127,
 author = {Hayakawa and Komada Y and Hirayama M et al },
 year = 2001,
 title = {Plasma levels of natriuretic peptides in relation to doxorubicin-induced cardiotoxicity and cardiac function in children with cancer.},
 journal = {Med Pediatr Oncol},
 volume = 37,
 pages = {4-9},
},
@article{bib3128,
 author = {Ono and Tanabe K and Asanuma T et al },
 year = 2001,
 title = {Doppler echocardiography-derived index of myocardial performance (TEI index): comparison with brain natriuretic peptide levels in various heart diseases.},
 journal = {Jpn Circ J},
 volume = 65,
 pages = {637-642},
},
@article{bib3129,
 author = {Prontera and Emdin M and Zucchelli GC et al },
 year = 2004,
 title = {Analytical performance and diagnostic accuracy of a fully-automated electrochemiluminescent assay of the N-terminal fragment of brain natriuretic peptide in patients with cardiomyopathy: comparison with immunoradiometric assay methods for brain natriuretic peptide and atrial natriuretic peptide.},
 journal = {Clin Chem Lab Med},
 volume = 42,
 pages = {37-44},
},
@article{bib3130,
 author = {Panteghini and Clerico A },
 year = 2004,
 title = {Understanding the clinical biochemistry of N-terminal proB-type natriuretic peptide: the prerequisite for its optimal clinical use.},
 journal = {Clin Lab },
 volume = 50,
 pages = {325-331},
},
@article{bib3131,
 author = {Apple and Panteghini M and Ravkilde J et al },
 year = 2005,
 title = {Quality specifications for B-type natriuretic peptide assays.},
 journal = {Clin Chem},
 volume = 51,
 pages = {486-493},
},
@article{bib3132,
 author = {Clerico and Prontera C and Emdin M et al },
 year = 2005,
 title = {Analytical performance and diagnostic accuracy of immunometric assays for the measurement of plasma BNP and NT-proBNP concentrations.},
 journal = {Clin Chem},
 volume = 51,
 pages = {445-447},
},
@article{bib3133,
 author = {Wright and Doughty RN and Pearl A et al },
 year = 2003,
 title = {Plasma amino-terminal pro-brain natriuretic peptide and accuracy of heart-failure diagnosis in primary care: a randomized, controlled trial.},
 journal = {J Am Coll Cardiol},
 volume = 42,
 pages = {1793-1800},
},
@article{bib3134,
 author = {Horio and Shimada K and Kohno M et al },
 year = 1993,
 title = {Serial changes in atrial and brain natriuretic peptides in patients with acute myocardial infarction treated with early coronary angioplasty.},
 journal = {Am Heart J},
 volume = 126,
 pages = {293-299},
},
@article{bib3135,
 author = {Morita andYasue H andYoshimura M et al },
 year = 1993,
 title = {Increased plasma levels of brain natriuretic peptide in patients with acute myocardial infarction.},
 journal = {Circulation},
 volume = 88,
 pages = {82-91},
},
@article{bib3136,
 author = {Arakawa and Nakamura M and Aoki H and Hiramori K },
 year = 1994,
 title = {Relationship between plasma level of brain natriuretic peptide and myocardial infarct size.},
 journal = {Cardiology},
 volume = 85,
 pages = {334-340},
},
@article{bib3137,
 author = {Uusimaa and Ruskoaho H and Vuolteenaho O et al },
 year = 1999,
 title = {Plasma vasoactive peptides after acute myocardial infarction in relation to left ventricular dysfunction.},
 journal = {Int J Cardiol},
 volume = 69,
 pages = {5-14},
},
@article{bib3138,
 author = {Omland and Aakvaag A and Bonarjee VV et al },
 year = 1996,
 title = {Plasma brain natriuretic peptide as an indicator of left ventricular systolic function and long-term survival after acute myocardial infarction. Comparison with plasma atrial natriuretic peptide and N-terminal proatrial natriuretic peptide.},
 journal = {Circulation},
 volume = 93,
 pages = {1963-1969},
},
@article{bib3139,
 author = {Panteghini and Cuccia C and Bonetti G et al },
 year = 2003,
 title = {Rapid determination of brain natriuretic peptide in patients with acute myocardial infarction.},
 journal = {Clin Chem Lab Med},
 volume = 41,
 pages = {164-168},
},
@article{bib3140,
 author = {Bettencourt and Ferreira A and Pardal-Oliveira N et al },
 year = 2000,
 title = {Clinical significance of brain natriuretic peptide in patients with postmyocardial infarction.},
 journal = {Clin Cardiol},
 volume = 23,
 pages = {921-927},
},
@article{bib3141,
 author = {Choy and Darbar D and Lang CC et al },
 year = 1994,
 title = {Detection of left ventricular dysfunction after acute myocardial infarction: comparison of clinical, echocardiographic, and neurohormonal methods.},
 journal = {Br Heart J},
 volume = 72,
 pages = {16-22},
},
@article{bib3142,
 author = {Baruch and Glazer RD and Aknay N et al },
 year = 2004,
 title = {Morbidity, mortality, physiologic and functional parameters in elderly and non-elderly patients in the Valsartan Heart Failure Trial (ValHeFT).},
 journal = {Am Heart J},
 volume = 148,
 pages = {951-957},
},
@article{bib3143,
 author = {Hutcheon and Gillespie ND and Struthers AD and McMurdo ME },
 year = 2002,
 title = {B-type natriuretic peptide in the diagnosis of elderly day hospital patients.},
 journal = {Age Ageing},
 volume = 31,
 pages = {295-301},
},
@article{bib3144,
 author = {Hedberg and Lonnberg I and Jonason T et al },
 year = 2004,
 title = {Electrocardiogram and B-type natriuretic peptide as screening tools for left ventricular systolic dysfunction in a population-based sample of 75-year-old men and women.},
 journal = {Am Heart J},
 volume = 148,
 pages = {524-529},
},
@article{bib3145,
 author = {Heidenreich and Gubens MA and Fonarow GC et al },
 year = 2004,
 title = {Cost-effectiveness of screening with B-type natriuretic peptide to identify patients with reduced left ventricular ejection fraction.},
 journal = {J Am Coll Cardiol},
 volume = 43,
 pages = {1019-1026},
},
@article{bib3146,
 author = {Ray and Arthaud M and Lefort Y et al },
 year = 2004,
 title = {Usefulness of B-type natriuretic peptide in elderly patients with acute dyspnea.},
 journal= {Intensive Care Med },
 volume = 30,
 pages = {2230-2236},
},
@article{bib3147,
 author = {Valle and Aspromonte N and Barro S et al },
 year = 2005,
 title = {The NT-proBNP assay identifies very elderly nursing home residents suffering from pre-clinical heart failure.},
 journal = {Eur J Heart Fail},
 volume = 7,
 pages = {542-551},
},
@article{bib3148,
 author = {Suzuki and Hayashi D andYamazaki T et al },
 year = 1998,
 title = {Elevated B-type natriuretic peptide levels after anthracycline administration.},
 journal = {Am Heart J},
 volume = 136,
 pages = {362-363},
},
@article{bib3149,
 author = {Nousiainen and Jantunen E and Vanninen E et al },
 year = 1998,
 title = {Acute neurohumoral and cardiovascular effects of idarubicin in leukemia patients.},
 journal = {Eur J Haematol},
 volume = 61,
 pages = {347-353},
},
@article{bib3150,
 author = {Nousiainen and Jantunen E and Vanninen E et al },
 year = 1999,
 title = {Natriuretic peptides as markers of cardiotoxicity during doxorubicin treatment for non-Hodgkin’s lymphoma.},
 journal = {Eur J Haematol},
 volume = 62,
 pages = {135-141},
},
@article{bib3151,
 author = {Okumura and Iuchi K andYoshida T et al },
 year = 2000,
 title = {Brain natriuretic peptide is a predictor of anthracycline-induced cardiotoxicity.},
 journal = {Acta Haematol},
 volume = 104,
 pages = {158-163},
},
@article{bib3152,
 author = {Hayakawa and Komada Y and Hirayama M et al },
 year = 2001,
 title = {Plasma levels of natriuretic peptides in relation to doxorubicin-induced cardiotoxicity and cardiac function in children with cancer.},
 journal = {Med Pediatr Oncol},
 volume = 37,
 pages = {4-9},
},
@article{bib3153,
 author = {Pinarli and Oguz A and Sedef Tunaoglu SF et al },
 year = 2005,
 title = {Late cardiac evaluation of children with solid tumors after anthracycline chemotherapy.},
 journal = {Pediatr Blood Cancer},
 volume = 44,
 pages = {370-377},
},
@article{bib3154,
 author = {Gharib and Burnett AK },
 year = 2002,
 title = {Chemotherapy-induced cardiotoxicity: current practice and prospects of prophylaxis.},
 journal = {(Review) Eur J Heart Fail},
 volume = 4,
 pages = {235-242},
},
@article{bib3155,
 author = {Von Hoff and Layard MW and Basa P et al },
 year = 1979,
 title = {Risk factors for doxorubicin-induced congestive heart failure.},
 journal = {Ann Intern Med},
 volume = 91,
 pages = {710-717},
},
@article{bib3156,
 author = {Daugaard and Lassen U and Bie P et al },
 year = 2005,
 title = {Natriuretic peptides in the monitoring of anthracycline induced reduction in left ventricular ejection fraction.},
 journal = {Eur J Heart Fail},
 volume = 7,
 pages = {87-93},
},
@article{bib3157,
 author = {Koh and Nakamura T and Takahashi H },
 year = 2004,
 title = {Troponin-T and brain natriuretic peptide as predictors for adriamycin-induced cardiomyopathy in rats.},
 journal = {Circ J},
 volume = 68,
 pages = {163-167},
},
@article{bib3158,
 author = {Cardinale and Sandri MT and Martinoni A et al },
 year = 2000,
 title = {Left ventricular dysfunction predicted by early troponin I release after high-dose chemotherapy.},
 journal = {J Am Coll Cardiol},
 volume = 36,
 pages = {517-522},
},
@article{bib3159,
 author = {Sandri and Cardinale D and Zorzino L et al },
 year = 2003,
 title = {Minor increases in plasma troponin I predict decreased left ventricular ejection fraction after high-dose chemotherapy.},
 journal = {Clin Chem},
 volume = 49,
 pages = {248-252},
},
@article{bib3160,
 author = {Cardinale and Sandri MT and Colombo A et al },
 year = 2004,
 title = {Prognostic value of troponin I in cardiac risk stratification of cancer patients undergoing high-dose chemotherapy.},
 journal = {Circulation},
 volume = 109,
 pages = {2749-2754},
},
@article{bib3161,
 author = {Pichon and Cvitkovic F and Hacene K et al },
 year = 2005,
 title = {Drug-induced cardiotoxicity studied by longitudinal B-type natriuretic peptide assays and radionuclide ventriculography.},
 journal = {In vivo},
 volume = 19,
 pages = {567-576},
},
@article{bib3162,
 author = {Sandri and Salvatici M and Cardinale D et al },
 year = 2005,
 title = {N-Terminal pro-B-type natriuretic peptide after high-dose chemotherapy: a marker predictive of cardiac dysfunction?},
 journal = {Clin Chem},
 volume = 51,
 pages = {1405-1410},
},
@article{bib3163,
 author = {Foote and Pearlman JD and Siegel AH andYeo KT },
 year = 2004,
 title = {Detection of exercise-induced ischemia by changes in B-type natriuretic peptide.},
 journal = {J Am Coll Cardiol},
 volume = 44,
 pages = {1980-1987},
},
@article{bib3164,
 author = {Sabatine and Morrow DA and de Lemos JA et al },
 year = 2004,
 title = {TIMI Study Group. Acute changes in circulating natriuretic peptide levels in relation to myocardial ischemia.},
 journal = {J Am Coll Cardiol},
 volume = 44,
 pages = {1988-1995},
},
@article{bib3165,
 author = {Gianrossi and Detrano R and Mulvihill D et al },
 year = 1989,
 title = {Exercise-induced ST depression in the diagnosis of coronary artery disease: a meta-analysis.},
 journal = {Circulation},
 volume = 80,
 pages = {87-98},
},
@article{bib3166,
 author = {Froelicher and Lehmann KG and Thomas R et al },
 year = 1998,
 title = {The electrocardiographic exercise test in a population with reduced workup bias: diagnostic performance, computerized interpretation, and multivariable prediction: Veterans Affairs Cooperative Study in Health Services #016 (QUEXTA) Study Group. Quantitative exercise testing and angiography.},
 journal = {Ann Intern Med},
 volume = 128,
 pages = {965-974},
},
@article{bib3167,
 author = {Morise and Diamond GA },
 year = 1995,
 title = {Comparison of the sensitivity and specificity of exercise electrocardiography in biased and unbiased populations of men and women.},
 journal = {Am Heart J},
 volume = 130,
 pages = {741-747},
},
@article{bib3168,
 author = {Cardarelli and Lumicao TG },
 year = 2003,
 title = {B-type natriuretic peptide: a review of its diagnostic, prognostic, and therapeutic monitoring value in heart failure for primary care physicians.},
 journal = {(Review) J Am Board Fam Pract},
 volume = 16,
 pages = {327-333},
},
@article{bib3169,
 author = {Davie and Francis CM and Love MP et al },
 year = 1996,
 title = {Value of the electrocardiogram in identifying heart failure due to left ventricular systolic dysfunction.},
 journal = {Br Med J},
 volume = 312,
 pages = {222},
},
@article{bib3170,
 author = {Ogawa and Oida A and Sugimura H et al },
 year = 2002,
 title = {Clinical significance of blood brain natriuretic peptide level measurement in the detection of heart disease in untreated outpatients: comparison of electrocardiography, chest radiography and echocardiography.},
 journal = {Circ J},
 volume = 66,
 pages = {122-126},
},
@article{bib3171,
 author = {Ng and Loke I and Davies JE et al },
 year = 2003,
 title = {Identification of previously undiagnosed left ventricular systolic dysfunction: community screening using natriuretic peptides and electrocardiography.},
 journal = {Eur J Heart Fail},
 volume = 5,
 pages = {775-782},
},
@article{bib3172,
 author = {Hedberg and Lonnberg I and Jonason T et al },
 year = 2004,
 title = {Electrocardiogram and B-type natriuretic peptide as screening tools for left ventricular systolic dysfunction in a population-based sample of 75-year-old men and women.},
 journal = {Am Heart J},
 volume = 148,
 pages = {524-529},
},
@article{bib3173,
 author = {Talwar and Squire IB and Davies JE et al },
 year = 1999,
 title = {Plasma N-terminal pro-brain natriuretic peptide and the ECG in the assessment of left-ventricular systolic dysfunction in a high risk population.},
 journal = {Eur Heart J},
 volume = 20,
 pages = {1736-1744},
},
@article{bib3174,
 author = {Nakamura and Sakai T and Osawa M et al },
 year = 2005,
 title = {Comparison of positive cases for B-type natriuretic peptide and ECG testing for identification of precursor forms of heart failure in an elderly population.},
 journal = {Int Heart J},
 volume = 46,
 pages = {477-487},
},
@article{bib3175,
author = {Struthers} ,
 year = 1993,
 title = {Plasma concentrations of brain natriuretic peptide: will this new test reduce the need for cardiac investigations?},
 journal = {(Editorial) Br Heart J},
 volume = 70,
 pages = {397-398},
},
@article{bib3176,
 author = {Thomas and Fox KF and Coats AJ and Sutton GC },
 year = 2004,
 title = {The epidemiological enigma of heart failure with preserved systolic function.},
 journal = {Eur J Heart Fail},
 volume = 6,
 pages = {125-136},
},
@article{bib3177,
 author = {Choy and Darbar D and Lang CC et al },
 year = 1994,
 title = {Detection of left ventricular dysfunction after acute myocardial infarction: comparison of clinical, echocardiographic, and neurohormonal methods.},
 journal = {Br Heart J},
 volume = 72,
 pages = {16-22},
},
@article{bib3178,
 author = {Dokainish and Zoghbi WA and Lakkis NM et al },
 year = 2004,
 title = {Comparative accuracy of B-type natriuretic peptide and tissue Doppler echocardiography in the diagnosis of congestive heart failure.},
 journal = {Am J Cardiol},
 volume = 93,
 pages = {1130-1151},
},
@article{bib3179,
 author = {Gackowski and Isnard R and Golmard JL et al },
 year = 2004,
 title = {Comparison of echocardiography and plasma B-type natriuretic peptide for monitoring the response to treatment in acute heart failure.},
 journal = {Eur Heart J},
 volume = 25,
 pages = {1788-1796},
},
@article{bib3180,
 author = {Mak and DeMaria A and Clopton P and Maisel AS },
 year = 2004,
 title = {Utility of B-natriuretic peptide in the evaluation of left ventricular diastolic function: comparison with tissue Doppler imaging recordings.},
 journal = {Am Heart J},
 volume = 148,
 pages = {895-902},
},
@article{bib3181,
 author = {Steg and Joubin L and McCord J et al },
 year = 2005,
 title = {B-type natriuretic peptide and echocardiographic determination of ejection fraction in the diagnosis of congestive heart failure in patients with acute dyspnea.},
 journal = {Chest},
 volume = 128,
 pages = {21-29},
},
@article{bib3182,
 author = {Forfia and Watkins SP and Rame JE et al },
 year = 2005,
 title = {Relationship between B-type natriuretic peptides and pulmonary capillary wedge pressure in the intensive care unit.},
 journal = {J Am Coll Cardiol},
 volume = 45,
 pages = {1667-1671},
},
@article{bib3183,
 author = {O’Neill and Bott-Silverman CE and McRae AT 3rd et al },
 year = 2005,
 title = {B-type natriuretic peptide levels are not a surrogate marker for invasive hemodynamics during management of patients with severe heart failure.},
 journal = {Am Heart J},
 volume = 149,
 pages = {363-369},
},
@article{bib3184,
 author = {Parsonage and Galbraith AJ and Koerbin GL and Potter JM },
 year = 2005,
 title = {Value of B-type natriuretic peptide for identifying significantly elevated pulmonary artery wedge pressure in patients treated for established chronic heart failure secondary to ischemic or idiopathic dilated cardiomyopathy.},
 journal = {Am J Cardiol},
 volume = 95,
 pages = {883-885},
},
@article{bib3185,
author = {Rodeheffer} ,
 year = 2004,
 title = {Measuring plasma B-type natriuretic peptide in heart failure: good to go in 2004?},
 journal = {(Review) J Am Coll Cardiol},
 volume = 44,
 pages = {740-749},
},
@article{bib3186,
 author = {Doust and Pietrzak E and Dobson A and Glasziou P },
 year = 2005,
 title = {How well does B-type natriuretic peptide predict death and cardiac events in patients with heart failure: systematic review.},
 journal = {(Review) BMJ},
 volume = 330,
 pages = {625-633},
},
@article{bib3187,
 author = {Benedict and Shelton B and Johnstone DE et al },
 year = 1996,
 title = {Prognostic significance of plasma norepinephrine in patients with asymptomatic left ventricular dysfunction. SOLVD Investigators.},
 journal = {Circulation},
 volume = 94,
 pages = {690-697},
},
@article{bib3188,
 author = {Wallen and Landahl S and Hedner T et al },
 year = 1997,
 title = {Brain natriuretic peptide predicts mortality in the elderly.},
 journal = {Heart},
 volume = 77,
 pages = {264-267},
},
@article{bib3189,
 author = {Tsutamoto and Wada A and Maeda K et al },
 year = 1999,
 title = {Plasma brain natriuretic peptide level as a biochemical marker of morbidity and mortality in patients with asymptomatic or minimally symptomatic left ventricular dysfunction. Comparison with plasma angiotensin II and endothelin-1.},
 journal = {Eur Heart J},
 volume = 20,
 pages = {1799-1807},
},
@article{bib3190,
 author = {Stanek and Frey B and Hulsmann M et al },
 year = 2001,
 title = {Prognostic evaluation of neurohumoral plasma levels before and during beta-blocker therapy in advanced left ventricular dysfunction.},
 journal = {J Am Coll Cardiol},
 volume = 38,
 pages = {436-442},
},
@article{bib3191,
 author = {Anand and Fisher LD and Chiang YT et al },
 year = 2003,
 title = {Val-HeFT Investigators. Changes in brain natriuretic peptide and norepinephrine over time and mortality and morbidity in the Valsartan Heart Failure Trial (Val-HeFT).},
 journal = {Circulation},
 volume = 107,
 pages = {1278-1283},
},
@article{bib3192,
 author = {Gardner and Ozalp F and Murday AJ et al },
 year = 2003,
 title = {N-terminal pro-brain natriuretic peptide. A new gold standard in predicting mortality in patients with advanced heart failure.},
 journal = {Eur Heart J},
 volume = 24,
 pages = {1735-1743},
},
@article{bib3193,
 author = {Baruch and Glazer RD and Aknay N et al },
 year = 2004,
 title = {Morbidity, mortality, physiologic and functional parameters in elderly and non-elderly patients in the Valsartan Heart Failure Trial (ValHeFT).},
 journal = {Am Heart J},
 volume = 148,
 pages = {951-957},
},
@article{bib3194,
author = {Kellett} ,
 year = 2004,
 title = {Prediction of in-hospital mortality by brain natriuretic peptide levels and other independent variables in acutely ill patients with suspected heart disease.},
 journal = {Can J Cardiol},
 volume = 20,
 pages = {686-690},
},
@article{bib3195,
 author = {Kirk and Bay M and Parner J et al },
 year = 2004,
 title = {N-terminal proBNP and mortality in hospitalised patients with heart failure and preserved vs. reduced systolic function: data from the prospective Copenhagen Hospital Heart Failure Study (CHHF).},
 journal = {Eur J Heart Fail},
 volume = 6,
 pages = {335-341},
},
@article{bib3196,
 author = {Berger and Huelsmann M and Strecker K et al },
 year = 2005,
 title = {Neurohormonal risk stratification for sudden death and death owing to progressive heart failure in chronic heart failure.},
 journal = {Eur J Clin Invest},
 volume = 35,
 pages = {24-31},
},
@article{bib3197,
 author = {Hulsmann and Berger R and Mortl D et al },
 year = 2005,
 title = {Incidence of normal values of natriuretic peptides in patients with chronic heart failure and impact on survival: a direct comparison of Nterminal atrial natriuretic peptide, N-terminal brain natriuretic peptide and brain natriuretic peptide.},
 journal = {Eur J Heart Fail},
 volume = 7,
 pages = {552-556},
},
@article{bib3198,
 author = {Segawa and Nakamura M and Itai K et al },
 year = 2005,
 title = {Plasma B-type natriuretic peptide levels and risk factors for congestive heart failure in a Japanese general population.},
 journal = {Int Heart J},
 volume = 46,
 pages = {465-475},
},
@article{bib3199,
 author = {Stanton and Hansen M andWijeysundera HC et al },
 year = 2005,
 title = {A direct comparison of the natriuretic peptides and their relationship to survival in chronic heart failure of a presumed non-ischaemic origin.},
 journal = {Eur J Heart Fail},
 volume = 7,
 pages = {557-565},
},
@article{bib3200,
 author = {Bertinchant and Combes N and Polge A et al },
 year = 2005,
 title = {Prognostic value of cardiac troponin T in patients with both acute and chronic stable congestive heart failure: comparison with atrial natriuretic peptide, brain natriuretic peptide and plasma norepinephrine.},
 journal = {Clin Chim Acta},
 volume = 352,
 pages = {143-153},
},
@article{bib3201,
 author = {Isnard and Pousset F and Chafirovskaia O et al },
 year = 2003,
 title = {Combination of B-type natriuretic peptide and peak oxygen consumption improves risk stratification in outpatients with chronic heart failure.},
 journal = {Am Heart J},
 volume = 146,
 pages = {729-735},
},
@article{bib3202,
 author = {de Groote and Dagorn J and Soudan B et al },
 year = 2004,
 title = {B-type natriuretic peptide and peak exercise oxygen consumption provide independent information for risk stratification in patients with stable congestive heart failure.},
 journal = {J Am Coll Cardiol},
 volume = 43,
 pages = {1584-1589},
},
@article{bib3203,
 author = {Kyuma and Nakata T and Hashimoto A et al },
 year = 2004,
 title = {Incremental prognostic implications of brain natriuretic peptide, cardiac sympathetic nerve innervation, and noncardiac disorders in patients with heart failure.},
 journal = {J Nucl Med},
 volume = 45,
 pages = {155-163},
},
@article{bib3204,
 author = {Latini and Masson S and Anand I et al },
 year = 2004,
 title = {The comparative prognostic value of plasma neurohormones at baseline in patients with heart failure enrolled in Val-HeFT.},
 journal = {Eur Heart J},
 volume = 25,
 pages = {292-299},
},
@article{bib3205,
 author = {Van Beneden and Gurne O and Selvais PL et al },
 year = 2004,
 title = {Superiority of big endothelin-1 and endothelin-1 over natriuretic peptides in predicting survival in severe congestive heart failure: a 7year follow-up study.},
 journal = {J Card Fail},
 volume = 10,
 pages = {490-495},
},
@article{bib3206,
 author = {Berger and Huelsmann M and Strecker K et al },
 year = 2005,
 title = {Neurohormonal risk stratification for sudden death and death owing to progressive heart failure in chronic heart failure.},
 journal = {Eur J Clin Invest},
 volume = 35,
 pages = {24-31},
},
@article{bib3207,
 author = {Alehagen and Dahlstrom U and Lindahl TL },
 year = 2004,
 title = {Elevated D-dimer level is an independent risk factor for cardiovascular death in out-patients with symptoms compatible with heart failure.},
 journal = {Thromb Haemost},
 volume = 92,
 pages = {1250-1258},
},
@article{bib3208,
 author = {Ishii and Cui W and Kitagawa F et al },
 year = 2003,
 title = {Prognostic value of combination of cardiac troponin T and B-type natriuretic peptide after initiation of treatment in patients with chronic heart failure.},
 journal = {Clin Chem},
 volume = 49,
 pages = {2020-2026},
},
@article{bib3209,
 author = {Fonarow and Horwich TB },
 year = 2003,
 title = {Combining natriuretic peptides and necrosis markers in determining prognosis in heart failure.},
 (Review) Rev Cardiovasc Med 4(suppl 4):S20-28
},
@article{bib3210,
 author = {De Mello} ,
 year = 2004,
 title = {Heart failure: how important is cellular sequestration? The role of the renin-angiotensin-aldosterone system.},
 journal = {(Review) J Mol Cell Cardiol},
 volume = 37,
 pages = {431-438},
},
@article{bib3211,
 author = {Sekiguchi and Li X and Coker M et al },
 year = 2004,
 title = {Cross-regulation between the renin-angiotensin system and inflammatory mediators in cardiac hypertrophy and failure.},
 journal = {(Review) Cardiovasc Res},
 volume = 63,
 pages = {433-442},
},
@article{bib3212,
 author = {Nian and Lee P and Khaper N and Liu P },
 year = 2004,
 title = {Inflammatory cytokines and postmyocardial infarction remodeling.},
 journal = {(Review) Circ Res},
 volume = 94,
 pages = {1543-1553},
},
@article{bib3213,
 author = {Kanda and Takahashi T },
 year = 2004,
 title = {Interleukin-6 and cardiovascular diseases.},
 journal = {(Review) Jpn Heart J},
 volume = 45,
 pages = {183-193},
},
@article{bib3214,
 author = {von Haehling and Jankowska EA andAnker SD },
 year = 2004,
 title = {Tumour necrosis factor-alpha and the failing heart - pathophysiology and therapeutic implications.},
 journal = {(Review) Basic Res Cardiol},
 volume = 99,
 pages = {18-28},
},
@article{bib3215,
 author = {Moe and Rouleau JL and Nguyen QT et al },
 year = 2003,
 title = {Role of endothelins in congestive heart failure.},
 journal = {(Review) Can J Physiol Pharmacol},
 volume = 81,
 pages = {588-597},
},
@article{bib3216,
 author = {Boerrigter and Burnett JC },
 year = 2003,
 title = {Endothelin in neurohormonal activation in heart failure.},
 journal = {(Review) Coron Artery Dis},
 volume = 14,
 pages = {495-500},
},
@article{bib3217,
author = {Floras} ,
 year = 2003,
 title = {Sympathetic activation in human heart failure: diverse mechanisms, therapeutic opportunities.},
 journal = {(Review) Acta Physiol Scand},
 volume = 177,
 pages = {391-398},
},
@article{bib3218,
 author = {Piano and Prasun M },
 year = 2003,
 title = {Neurohormone activation.},
 journal = {(Review) Crit Care Nurs Clin North Am},
 volume = 15,
 pages = {413-421},
},
@article{bib3219,
 author = {Ascheim and Hryniewicz K },
 year = 2002,
 title = {Thyroid hormone metabolism in patients with congestive heart failure: the low triiodothyronine state.},
 journal = {Thyroid},
 volume = 12,
 pages = {511-515},
},
@article{bib3220,
 author = {Danzi and Klein I },
 year = 2004,
 title = {Thyroid hormone and the cardiovascular system.},
 journal = {(Review) Minerva Endocrinol},
 volume = 29,
 pages = {139-150},
},
@article{bib3221,
 year = 2000,
 title = {Myocardial infarction redefined - a consensus document of the Joint European Society of Cardiology/American College of Cardiology committee for the redefinition of myocardial infarction. J Am Coll Cardiol}
 volume = 36,
 pages = {959-969},
},
@article{bib3222,
 year = 2002,
 title = {ACC/AHA 2002 guideline update for the management of patients with unstable angina and non-ST-segment elevation myocardial infarction. A report of the American College of Cardiology/American Heart Association task force on practice guidelines (committee on the management of patients with unstable angina).},
},
@article{bib3223,
 author = {Omland and Persson A and Ng L et al },
 year = 2002,
 title = {N-terminal pro-B-type natriuretic peptide and longterm mortality in acute coronary syndromes.},
 journal = {Circulation},
 volume = 106,
 pages = {2913-2918},
},
@article{bib3224,
 author = {Arakawa and Nakamura M and Aoki H and Hiramori K },
 year = 1996,
 title = {Plasma brain natriuretic peptide concentrations predict survival after acute myocardial infarction.},
 journal = {J Am Coll Cardiol},
 volume = 27,
 pages = {1656-1661},
},
@article{bib3225,
 author = {Darbar and Davidson NC and Gillespie N et al },
 year = 1996,
 title = {Diagnostic value of B-type natriuretic peptide concentrations in patients with acute myocardial infarction.},
 journal = {Am J Cardiol},
 volume = 78,
 pages = {284-287},
},
@article{bib3226,
 author = {Crilley and Farrer M },
 year = 2001,
 title = {Left ventricular remodelling and brain natriuretic peptide after first myocardial infarction.},
 journal = {Heart},
 volume = 86,
 pages = {638-642},
},
@article{bib3227,
 author = {McDonagh and Cunningham AD and Morrison CE et al },
 year = 2001,
 title = {Left ventricular dysfunction, natriuretic peptides, and mortality in an urban population.},
 journal = {Heart},
 volume = 86,
 pages = {21-26},
},
@article{bib3228,
 author = {Richards and Doughty R and Nicholls MG et al },
 year = 2001,
 title = {Plasma N-terminal pro-brain natriuretic peptide and adrenomedullin: prognostic utility and prediction of benefit from carvedilol in chronic ischemic left ventricular dysfunction. Australia-New Zealand Heart Failure Group.},
 journal = {J Am Coll Cardiol},
 volume = 37,
 pages = {1781-1787},
},
@article{bib3229,
 author = {Inoue and Sakuma M and Yaguchi I et al },
 year = 2002,
 title = {Early recanalization and plasma brain natriuretic peptide as an indicator of left ventricular function after acute myocardial infarction.},
 journal = {Am Heart J},
 volume = 143,
 pages = {790-796},
},
@article{bib3230,
 author = {Sabatine and Morrow DA and de Lemos JA et al },
 year = 2002,
 title = {Multimarker approach to risk stratification in non-ST elevation acute coronary syndromes: simultaneous assessment of troponin I, C-reactive protein, and B-type natriuretic peptide.},
 journal = {Circulation},
 volume = 105,
 pages = {1760-1763},
},
@article{bib3231,
 author = {Jernberg and Stridsberg M and Lindahl B },
 year = 2002,
 Usefulness of plasma N-terminal proatrial natriuretic peptide (proANP) as an early predictor of outcome in unstable angina pectoris or non-ST-elevation acute myocardial infarction. Am J Cardiol
 volume = 89,
 pages = {64-66},
},
@article{bib3232,
 author = {Jernberg and Stridsberg M and Venge P and Lindahl B },
 year = 2002,
 title = {N-terminal pro brain natriuretic peptide on admission for early risk stratification of patients with chest pain and no ST-segment elevation.},
 journal = {J Am Coll Cardiol},
 volume = 40,
 pages = {437-445},
},
@article{bib3233,
 author = {Heeschen and Hamm CW and Mitrovic V et al },
 year = 2004,
 title = {Platelet Receptor Inhibition in Ischemic Syndrome Management (PRISM) Investigators. N-terminal pro-B-type natriuretic peptide levels for dynamic risk stratification of patients with acute coronary syndromes.},
 journal = {Circulation},
 volume = 110,
 pages = {3206-3212},
},
@article{bib3234,
 author = {Jernberg and James S and Lindahl B et al },
 year = 2004,
 title = {NT-proBNP in unstable coronary artery disease experiences from the FAST, GUSTO IV and FRISC II trials.},
 journal = {Eur J Heart Fail},
 volume = 6,
 pages = {319-325},
},
@article{bib3235,
 author = {Mega and Morrow DA and De Lemos JA et al },
 year = 2004,
 title = {B-type natriuretic peptide at presentation and prognosis in patients with ST-segment elevation myocardial infarction: an ENTIRETIMI-23 substudy.},
 journal = {J Am Coll Cardiol},
 volume = 44,
 pages = {335-339},
},
@article{bib3236,
 author = {Palazzuoli and Calabria P andVecchiato L et al },
 year = 2004,
 title = {Plasma brain natriuretic peptide levels in coronary heart disease with preserved systolic function.},
 journal = {Clin Exp Med},
 volume = 4,
 pages = {44-49},
},
@article{bib3237,
 author = {Squire and O’Brien RJ and Demme B et al },
 year = 2004,
 title = {N-terminal pro-atrial natriuretic peptide (NANP) and N-terminal pro-B-type natriuretic peptide (N-BNP) in the prediction of death and heart failure in unselected patients following acute myocardial infarction.},
 journal = {Clin Sci},
 volume = 107,
 pages = {309-316},
},
@article{bib3238,
 author = {Suzuki and Yoshimura M and Nakayama M et al },
 year = 2004,
 title = {Plasma level of B-type natriuretic peptide as a prognostic marker after acute myocardial infarction: a long-term follow-up analysis.},
 journal = {Circulation},
 volume = 110,
 pages = {1387-1391},
},
@article{bib3239,
 author = {Wylie and Murphy SA and Morrow DA et al },
 year = 2004,
 title = {Validated risk score predicts the development of congestive heart failure after presentation with unstable angina or non-ST-elevation myocardial infarction: results from OPUS-TIMI 16 and TACTICS-TIMI 18.},
 journal = {Am Heart J},
 volume = 148,
 pages = {173-180},
},
@article{bib3240,
 author = {Squire and Orn S and Ng LL et al },
 year = 2005,
 title = {Plasma natriuretic peptides up to 2 years after acute myocardial infarction and relation to orognosis: an OPTIMAAL substudy.},
 journal = {J Card Fail},
 volume = 11,
 pages = {492-497},
},
@article{bib3241,
 author = {Omland and Richards AM and Wergeland R andVik-Mo H },
 year = 2005,
 title = {B-type natriuretic peptide and longterm survival in patients with stable coronary artery disease.},
 journal = {Am J Cardiol},
 volume = 95,
 pages = {24-28},
},
@article{bib3242,
 author = {Kragelund and Gronning B and Kober L et al },
 year = 2005,
 title = {N-terminal pro-B-type natriuretic peptide and long-term mortality in stable coronary heart disease.},
 journal = {N Engl J Med},
 volume = 352,
 pages = {666-675},
},
@article{bib3243,
 author = {Hama and Itoh H and Shirakami G et al },
 year = 1995,
 title = {Rapid ventricular induction of brain natriuretic peptide gene expression in experimental acute myocardial infarction.},
 journal = {Circulation},
 volume = 92,
 pages = {1158-1164},
},
@article{bib3244,
 author = {Toth and Vuorinen KH and Vuolteenaho O et al },
 year = 1994,
 title = {Hypoxia stimulates release of ANP and BNP from perfused rat ventricular myocardium.},
 journal = {Am J Physiol 266(4 Pt 2):H1572-1580},
},
@article{bib3245,
 author = {Goetze and Gore A and Moller CH et al },
 year = 2004,
 title = {Acute myocardial hypoxia increases BNP gene expression.},
 journal = {FASEB J},
 volume = 18,
 pages = {1928-1930},
},
@article{bib3246,
 author = {Marumoto and Hamada M and Hiwada K },
 year = 1995,
 title = {Increased secretion of atrial and brain natriuretic peptides during acute myocardial ischaemia induced by dynamic exercise in patients with angina pectoris.},
 journal = {Clin Sci},
 volume = 88,
 pages = {551-556},
},
@article{bib3247,
 author = {Dyrbye and Redfield MM },
 year = 2003,
 title = {The role of brain natriuretic peptide in population screening.},
 journal = {Heart Fail Rev},
 volume = 8,
 pages = {349-354},
},
@article{bib3248,
 author = {Freitag andVasan RS },
 year = 2003,
 title = {Screening for left ventricular systolic dysfunction: the use of Btype natriuretic peptide.},
 journal = {Heart Fail Monit},
 volume = 4,
 pages = {38-44},
},
@article{bib3249,
 author = {Davis and Fish LC and Elahi D et al },
 year = 1992,
 title = {Atrial natriuretic peptide levels in the prediction of congestive heart failure risk in frail elderly.},
 journal = {JAMA},
 volume = 267,
 pages = {2625-2629},
},
@article{bib3250,
 author = {Knight and Fish LC and Kiely DK et al },
 year = 1999,
 title = {Atrial natriuretic peptide and the development of congestive heart failure in the oldest old: a seven-year prospective study.},
 journal = {J Am Geriatr Soc},
 volume = 47,
 pages = {407-411},
},
@article{bib3251,
 author = {Freitag and Larson MG and Levy D et al },
 year = 2003,
 title = {Plasma brain natriuretic peptide levels and blood pressure tracking in the Framingham Heart Study.},
 journal = {Hypertension},
 volume = 41,
 pages = {978-983},
},
@article{bib3252,
 author = {Murdoch and McDonagh TA and Byrne J et al },
 year = 1999,
 title = {Titration of vasodilator therapy in chronic heart failure according to plasma brain natriuretic peptide concentration: randomized comparison of the hemodynamic and neuroendocrine effects of tailored versus empirical therapy.},
 journal = {Am Heart J},
 volume = 138,
 pages = {1126-1132},
},
@article{bib3253,
 author = {Troughton and Frampton CM andYandle TG et al },
 year = 2000,
 title = {Treatment of heart failure guided by plasma aminoterminal brain natriuretic peptide (N-BNP) concentrations.},
 journal = {Lancet},
 volume = 355,
 pages = {1126-1130},
},
@article{bib3254,
 author = {Kawai and Hata K and Takaoka H et al },
 year = 2001,
 title = {Plasma brain natriuretic peptide as a novel therapeutic indicator in idiopathic dilated cardiomyopathy during beta-blocker therapy: a potential of hormone-guided treatment.},
 journal = {Am Heart J},
 volume = 141,
 pages = {925-932},
},
@article{bib3255,
author = {Maisel} ,
 year = 2001,
 title = {B-type natriuretic peptide (BNP) levels: diagnostic and therapeutic potential.},
 journal = {(Review) Rev Cardiovasc Med 2(suppl 2):S13-18},
},
@article{bib3256,
 author = {Nicholls and Lainchbury JG and Richards AM et al },
 year = 2001,
 title = {Brain natriuretic peptide-guided therapy for heart failure.},
 journal = {Ann Med},
 volume = 33,
 pages = {422-427},
},
@article{bib3257,
 author = {Troughton and Richards AM and Nicholls MG },
 year = 2001,
 title = {Individualized treatment of heart failure.},
 journal = {Intern Med J},
 volume = 31,
 pages = {138-141},
},
@article{bib3258,
 author = {McGeoch and Lainchbury J and Town GI et al },
 year = 2002,
 title = {Plasma brain natriuretic peptide after longterm treatment for heart failure in general practice.},
 journal = {Eur J Heart Fail},
 volume = 4,
 pages = {479-483},
},
@article{bib3259,
 author = {Mueller and Buser P },
 year = 2002,
 title = {B-type natriuretic peptide (BNP): can it improve our management of patients with congestive heart failure?},
 journal = {(Review) Swiss Med Wkly},
 volume = 132,
 pages = {618-622},
},
@article{bib3260,
author = {Hobbs} ,
 year = 2003,
 title = {Using BNP to diagnose, manage, and treat heart failure.},
 journal = {(Review) Cleve Clin J Med},
 volume = 70,
 pages = {333-336},
},
@article{bib3261,
author = {Richards} ,
 year = 2003,
 title = {Outpatient management of heart failure.},
 journal = {(Review) Heart Fail Rev},
 volume = 8,
 pages = {345-348},
},
@article{bib3262,
 author = {Maisel and Hollander JE and Guss D et al },
 year = 2004,
 title = {Rapid Emergency Department Heart Failure Outpatient Trial investigators. Primary results of the Rapid Emergency Department Heart Failure Outpatient Trial (REDHOT). A multicenter study of B-type natriuretic peptide levels, emergency department decision making, and outcomes in patients presenting with shortness of breath.},
 journal = {J Am Coll Cardiol},
 volume = 44,
 pages = {1328-1333},
},
@article{bib3263,
 author = {Morimoto and Hayashino Y and Shimbo T et al },
 year = 2004,
 title = {Is B-type natriuretic peptide-guided heart failure management cost-effective?},
 journal = {Int J Cardiol},
 volume = 96,
 pages = {177-181},
},
@article{bib3264,
 author = {Wu and Harrison A and Maisel AS },
 year = 2004,
 title = {Reduced readmission rate for alternating diagnoses of heart failure and pulmonary disease after implementation of B-type natriuretic peptide testing.},
 journal = {Eur J Heart Fail},
 volume = 6,
 pages = {309-312},
},
@article{bib3265,
 author = {Mueller and Scholer A and Laule-Kilian K et al },
 year = 2004,
 title = {Use of B-type natriuretic peptide in the evaluation and management of acute dyspnea.},
 journal = {N Engl J Med},
 volume = 350,
 pages = {647-654},
},
@article{bib3266,
 author = {Kirchhoff and Gradaus R and Stypmann J et al },
 year = 2004,
 title = {Vasoactive peptides during long-term follow-up of patients after cardiac transplantation.},
 journal = {J Heart Lung Transplant},
 volume = 23,
 pages = {284-288},
},
@article{bib3267,
 author = {Kemperman and van den Berg M and Kirkels H and de Jonge N },
 year = 2004,
 title = {B-type natriuretic peptide (BNP) and N-terminal proBNP in patients with end-stage heart failure supported by a left ventricular assist device.},
 journal = {Clin Chem},
 volume = 50,
 pages = {1670-1672},
},
@article{bib3268,
 author = {Thompson and Skrabal CA and Loebe M et al },
 year = 2005,
 title = {Plasma neurohormone levels correlate with left ventricular functional and morphological improvement in LVAD patients.},
 journal = {J Surg Res},
 volume = 123,
 pages = {25-32},
},
@article{bib3269,
 author = {Crozier and Nicholls MG and Ikram H et al },
 year = 1989,
 title = {Atrial natriuretic peptide levels in congestive heart failure in man before and during converting enzyme inhibition.},
 journal = {Clin Exp Pharmacol Physiol},
 volume = 16,
 pages = {417-424},
},
@article{bib3270,
 author = {Yoshimura and Yasue H and Tanaka H et al },
 year = 1994,
 title = {Responses of plasma concentrations of A type natriuretic peptide and B type natriuretic peptide to alacepril, an angiotensin-converting enzyme inhibitor, in patients with congestive heart failure.},
 journal = {Br Heart J},
 volume = 72,
 pages = {528-533},
},
@article{bib3271,
 author = {Davidson and Coutie WJ and Webb DJ and Struthers AD },
 year = 1996,
 title = {Hormonal and renal differences between low dose and high dose angiotensin converting enzyme inhibitor treatment in patients with chronic heart failure.},
 journal = {Heart},
 volume = 75,
 pages = {576-581},
},
@article{bib3272,
 author = {Nishikimi and Matsuoka H and Ishikawa K et al },
 year = 1996,
 title = {Antihypertensive therapy reduces increased plasma levels of adrenomedullin and brain natriuretic peptide concomitant with regression of left ventricular hypertrophy in a patient with malignant hypertension.},
 journal = {Hypertens Res},
 volume = 19,
 pages = {97-101},
},
@article{bib3273,
 author = {Missouris and Grouzmann E and Buckley MG et al },
 year = 1998,
 title = {How does treatment influence endocrine mechanisms in acute severe heart failure? Effects on cardiac natriuretic peptides, the renin system, neuropeptide Y and catecholamines.},
 journal = {Clin Sci},
 volume = 94,
 pages = {591-599},
},
@article{bib3274,
 author = {Hara and Hamada M and Shigematsu Y et al },
 year = 2000,
 title = {Effect of beta-blocker on left ventricular function and natriuretic peptides in patients with chronic heart failure treated with angiotensinconverting enzyme inhibitor.},
 journal = {Jpn Circ J},
 volume = 64,
 pages = {365-369},
},
@article{bib3275,
 author = {Tsutamoto and Wada A and Maeda K et al },
 year = 2001,
 title = {Effect of spironolactone on plasma brain natriuretic peptide and left ventricular remodeling in patients with congestive heart failure.},
 journal = {J Am Coll Cardiol},
 volume = 37,
 pages = {1228-1233},
},
@article{bib3276,
 author = {Johnson and Omland T and Hall C et al },
 year = 2002,
 title = {Neurohormonal activation rapidly decreases after intravenous therapy with diuretics and vasodilators for class IV heart failure.},
 journal = {J Am Coll Cardiol},
 volume = 39,
 pages = {1623-1629},
},
@article{bib3277,
 author = {Cotter and Kaluski E and Stangl K et al },
 year = 2004,
 title = {The hemodynamic and neurohormonal effects of low doses of tezosentan (an endothelin A/B receptor antagonist) in patients with acute heart failure.},
 journal = {Eur J Heart Fail},
 volume = 6,
 pages = {601-609},
},
@article{bib3278,
 author = {Bouissou and Galen FX and Richalet JP et al },
 year = 1989,
 title = {Effects of propranolol and pindolol on plasma ANP levels in humans at rest and during exercise.},
 journal = {Am J Physiol},
 volume = 257,
 pages = {R259-264},
},
@article{bib3279,
 author = {Colantonio and Casale R and Desiati P et al },
 year = 1991,
 title = {Short-term effects of atenolol and nifedipine on atrial natriuretic peptide, plasma renin activity, and plasma aldosterone in patients with essential hypertension.},
 journal = {J Clin Pharmacol},
 volume = 31,
 pages = {238-242},
},
@article{bib3280,
 author = {Yoshimura and Yasue H and Tanaka H et al },
 year = 1994,
 title = {Responses of plasma concentrations of A type natriuretic peptide and B type natriuretic peptide to alacepril, an angiotensin-converting enzyme inhibitor, in patients with congestive heart failure.},
 journal = {Br Heart J},
 volume = 72,
 pages = {528-533},
},
@article{bib3281,
 author = {Sanderson and Chan WW and Hung YT et al },
 year = 1995,
 title = {Effect of low dose beta blockers on atrial and ventricular (B type) natriuretic factor in heart failure: a double blind, randomised comparison of metoprolol and a third generation vasodilating beta blocker.},
 journal = {Br Heart J},
 volume = 74,
 pages = {502-507},
},
@article{bib3282,
 author = {Luchner and Burnett JC Jr and Jougasaki M et al },
 year = 1998,
 title = {Augmentation of the cardiac natriuretic peptides by beta-receptor antagonism: evidence from a population-based study.},
 journal = {J Am Coll Cardiol},
 volume = 32,
 pages = {1839-1844},
},
@article{bib3283,
 author = {Fujimura and Yasumura Y and Ishida Y et al },
 year = 2000,
 title = {Improvement in left ventricular function in response to carvedilol is accompanied by attenuation of neurohumoral activation in patients with dilated cardiomyopathy.},
 journal = {J Card Fail},
 volume = 6,
 pages = {3-10},
},
@article{bib3284,
 author = {Hara and Hamada M and Shigematsu Y et al },
 year = 2000,
 title = {Effect of beta-blocker on left ventricular function and natriuretic peptides in patients with chronic heart failure treated with angiotensinconverting enzyme inhibitor.},
 journal = {Jpn Circ J},
 volume = 64,
 pages = {365-369},
},
@article{bib3285,
 author = {Hirooka and Yasumura Y and Ishida Y et al },
 year = 2001,
 title = {Comparative left ventricular functional and neurohumoral effects of chronic treatment with carvedilol versus metoprolol in patients with dilated cardiomyopathy.},
 journal = {Jpn Circ J},
 volume = 65,
 pages = {931-936},
},
@article{bib3286,
 author = {Kawai and Hata K and Takaoka H et al },
 year = 2001,
 title = {Plasma brain natriuretic peptide as a novel therapeutic indicator in idiopathic dilated cardiomyopathy during beta-blocker therapy: a potential of hormone-guided treatment.},
 journal = {Am Heart J},
 volume = 141,
 pages = {925-932},
},
@article{bib3287,
 author = {Hara and Hamada M and Ohtsuka T et al },
 year = 2002,
 title = {Comparison of treatment effects of bevantolol and metoprolol on cardiac function and natriuretic peptides in patients with dilated cardiomyopathy.},
 journal = {Heart Vessels},
 volume = 17,
 pages = {53-56},
},
@article{bib3288,
 author = {Persson andAndreasson K and Kahan T et al },
 year = 2002,
 title = {Neurohormonal activation in heart failure after acute myocardial infarction treated with beta-receptor antagonists.},
 journal = {Eur J Heart Fail},
 volume = 4,
 pages = {73-82},
},
@article{bib3289,
 author = {Fung andYu CM andYip G et al },
 year = 2003,
 title = {Effect of beta blockade (carvedilol or metoprolol) on activation of the renin-angiotensin-aldosterone system and natriuretic peptides in chronic heart failure.},
 journal = {Am J Cardiol},
 volume = 92,
 pages = {406-410},
},
@article{bib3290,
 author = {Konishi and Nishio S and Tsutamoto T et al },
 year = 2003,
 title = {Serum carvedilol concentration and its relation to change in plasma brain natriuretic peptide level in the treatment of heart failure: a preliminary study.},
 journal = {Int J Clin Pharmacol Ther},
 volume = 41,
 pages = {578-586},
},
@article{bib3291,
 author = {van den Meiracker and Lameris TW and van de Ven LL and Boomsma F },
 year = 2003,
 title = {Increased plasma concentration of natriuretic peptides by selective beta1-blocker bisoprolol.},
 journal = {J Cardiovasc Pharmacol},
 volume = 42,
 pages = {462-468},
},
@article{bib3292,
 author = {Yoshizawa andYoshikawa T and Nakamura I et al },
 year = 2004,
 title = {Brain natriuretic peptide response is heterogeneous during beta-blocker therapy for congestive heart failure.},
 journal = {J Card Fail},
 volume = 10,
 pages = {310-315},
},
@article{bib3293,
 author = {Ohta and Watanabe K and Nakazawa M et al },
 year = 2000,
 title = {Carvedilol enhances atrial and brain natriuretic peptide mRNA expression and release in rat heart.},
 journal = {J Cardiovasc Pharmacol 36(suppl 2):S19-23},
},
@article{bib3294,
 author = {Beck-da-Silva and de Bold A and Fraser M et al },
 year = 2005,
 title = {BNP-guided therapy not better than expert's clinical assessment for beta-blocker titration in patients with heart failure.},
 journal = {Congest Heart Fail},
 volume = 11,
 pages = {248-253},
},
@article{bib3295,
 author = {Lewin and Ledwidge M and O'loughlin C et al },
 year = 2005,
 title = {Clinical deterioration in established heart failure: What is the value of BNP and weight gain in aiding diagnosis?},
 journal = {Eur J Heart Fail},
 volume = 7,
 pages = {953-957},
},
@article{bib3296,
 author = {Emdin and Clerico A and Clemenza F et al },
 year = 2005,
 title = {Recommendations for the clinical use of cardiac natriuretic peptides.},
 journal = {Ital Heart J},
 volume = 6,
 pages = {430-446},
},
@article{bib3297,
 author = {Jourdain and Gueffet P and Le Helloco J et al },
 year = 2005,
 title = {STARS-BNP Investigators on behalf of the working group on Heart failure of the French Society of Cardiology. Benefit of BNP plasma levels for optimising therapy in patients with systolic heart failure. Supported by STARSBNP multicenter randomised study.},
 journal = {Eur J Heart Failure 4(suppl 1):120},
},
@article{bib3298,
 author = {Clerico and Recchia FA and Passino C and Emdin M },
 year = 2006,
 title = {Cardiac endocrine function is an essential component of the homeostatic regulation network: physiological and clinical implications.},
 journal = {Am J Physiol Heart Circ Physiol},
 volume = 290,
 pages = {H17-29},
},
@article{bib3299,
 author = {Nieminen and Bohm M and Cowie MR et al },
 year = 2005,
 title = {Executive summary of the guidelines on the diagnosis and treatment of acute heart failure: the Task Force on Acute Heart Failure of the European Society of Cardiology.},
 journal = {Eur Heart J},
 volume = 26,
 pages = {384-416},
},
@article{bib3300,
 author = {Swedberg and Cleland J and Dargie H et al },
 year = 2005,
 title = {Guidelines for the diagnosis and treatment of chronic heart failure: executive summary (update 2005): The Task Force for the Diagnosis and Treatment of Chronic Heart Failure of the European Society of Cardiology.},
 journal = {Eur Heart J},
 volume = 26,
 pages = {1115-1140},
},
